2776 3559
1358 98 1391 148 '1

171 250 342 291 nomen,
371 238 483 295 quod
505 250 602 284 cum
629 239 921 293 interrogasset
950 236 1121 281 subinde
1148 238 1317 289 excidit,
1347 237 1480 281 donec
1506 236 1728 280 nouissime
1756 247 1919 289 seruus,
1961 241 2009 281 ut
2035 238 2170 293 aliqua
2205 239 2303 282 nota
2337 238 2580 282 memoriam

173 308 262 350 eius
287 307 480 350 redderet
522 308 756 355 certiorem,
797 307 955 348 iterum
986 306 1253 360 interroganti
1295 306 1465 348 domino
1503 305 1594 358 quis
1637 304 1707 346 iile
1747 308 1856 346 esset
1896 307 1965 358 qui
2007 307 2052 348 in
2092 308 2178 349 imo
2216 306 2477 348 recumberet
2502 308 2580 348 ait·

177 373 280 426 „Hic
303 376 367 419 est
393 372 555 420 Cestius
581 372 653 428 qui
679 367 839 431 patrem
865 374 982 416 tuum
1012 368 1187 428 negabat
1213 368 1369 417 litteras
1397 372 1564 416 Βάκιν.
1629 370 1765 416 Maior
1795 372 1884 415 erat
1916 370 2017 417 haec
2049 373 2281 428 arrogantia
2316 384 2444 427 quam
2474 384 2580 427 quae

106 433 110 436 ’
158 440 269 484 ‘ferri
296 443 459 497 posset,
486 440 728 495 praesertim
754 451 779 483 a
807 439 927 483 filio..
970 435 1117 495 ltaque
1132 439 1283 485 Cicero
1311 440 1437 483 nimia
1464 439 1635 506 potione
1680 440 1763 482 iam
1793 438 1849 482 ad
1875 440 2062 483 insanum
2108 440 2306 495 impetum
2354 443 2579 495 prouectus

174 508 229 549 de
256 510 370 550 corio
395 503 504 560 patri
530 508 740 549 rhetorem
767 507 1017 549 satisfacere
1014 509 1152 549 iussit.
1188 507 1402 549 Ceterum
1430 504 1537 558 quae
1579 507 1621 546 in
1646 505 1827 547 Senecae
1868 507 1972 547 libro
2014 508 2206 560 leguntur
2245 510 2372 549 uerba
2420 509 2581 560 „apud

173 573 396 617 Cestium
446 564 769 626 praetorem‘
827 577 970 627 aperte
1012 573 1222 627 deperdita
1271 576 1386 614 recte
1435 571 1610 613 mutauit
1656 571 1897 613 Bursianus.
1953 574 2117 626 „apud
2164 573 2393 616 Cestium
2439 575 2581 615 Pium

172 641 468 684 rhetorem“
488 636 732 682 lrestimens.

302 707 397 751 vHoc
423 708 559 751 solum
585 709 857 763 comperimus
877 707 939 750 ³de
967 705 1127 758 Cestio,
1165 707 1310 762 ‘quoad
1352 708 1396 750 in
1429 707 1526 749 Asia
1552 706 1815 756 uersabatur;
1854 707 1923 749 ubi
1958 719 2058 749 num
2092 707 2254 761 publice
2280 709 2361 750 iam
2388 708 2576 750 docuerit

180 787 265 818 non
292 778 463 818 constat.
536 775 683 818 Postea
722 770 898 818 Romam
912 775 1116 829 ‘migrauit
1151 776 1290 829 ibique
1330 774 1514 821 scholam
1563 774 1725 828 aperuit
1751 786 1775 817 a
1804 774 1941 817 multis
1971 774 2268 828 frequentatam
2296 776 2501 829 discipulis
2528 776 2579 818 ct'.

176 842 347 885 Hieron.
368 842 423 885 ad
438 841 589 885 Euseb.
608 843 748 886 chron.
768 840 931 884 01:191
954 853 1028 883 seu
1046 840 1294 884 annum'74i
1316 854 1359 884 u.
1382 844 1419 884 c.
1448 840 1673 891 ,Cestius
1693 841 2002 895 Smyrnaeus
2021 842 2201 884 rhetor
2219 843 2379 885 latine
2398 842 2580 884 Romae

173 909 387 953 docuit“.
447 908 542 963 Quo
570 910 735 965 quidem
763 920 871 951 anno
898 908 933 951 si
960 907 1235 965 Hieronymus
1261 921 1337 964 pro
1360 908 1655 952 consuetudine
1682 921 1755 951 sua
1784 908 1824 952 id
1852 911 2016 964 tempus
2057 909 2278 964 significat,
2316 921 2399 964 quo
2435 909 2579 952 rhetor

93 1032 105 1038 -
170 978 328 1020 Romae
354 978 531 1020 maxime
559 978 749 1026 florebat,
786 976 941 1029 aliquot
967 977 1081 1019 annis
1113 980 1208 1020 ante
1241 988 1337 1019 eum
1371 977 1415 1018 in
1449 976 1604 1018 ltaliam
1638 977 1847 1019 transiisse
1881 988 1966 1019 non
2003 977 2167 1019 uidetur
2203 977 2397 1019 audacius
2435 978 2579 1019 conici.

172 1044 266 1086 Vita
291 1045 378 1087 eius
405 1044 473 1087 hic
501 1044 578 1086 fuit
612 1055 718 1097 quae
744 1042 978 1085 huiusmodi
1005 1043 1190 1086 uirorum
1217 1043 1375 1085 solebat
1410 1054 1523 1092 esse,
1569 1047 1730 1085 uersata
1765 1045 1807 1085 in
1853 1043 1993 1085 schola
2035 1045 2215 1086 maxime
2258 1044 2569 1097 studiorumque

172 1122 359 1161 recessu,
385 1110 598 1154 uniformis
626 1112 670 1153 et
695 1109 885 1164 languide
911 1109 1141 1153 decurrens.
1197 1109 1457 1152 Prouinciam
1484 1110 1687 1163 publicam
1715 1121 1799 1152 non
1826 1111 2024 1164 suscepit,
2058 1111 2247 1164 quamuis
2275 1122 2398 1164 saepe
2428 1110 2574 1153 buccas

173 1178 335 1221 inflaret
367 1178 571 1232 plenoque
599 1189 673 1220 ore
700 1189 749 1219 ac
775 1177 902 1219 latere
929 1177 981 1219 de
1006 1169 1211 1230 republica
1239 1178 1435 1231 garriret:
1478 1189 1531 1219 ne
1569 1178 1769 1231 processit
1810 1178 1975 1230 quidem
2018 1179 2061 1219 in
2103 1178 2232 1220 solem
2276 1181 2318 1219 et
2359 1178 2573 1231 puluerem

169 1244 375 1288 forensem
393 1244 567 1288 oratoris
585 1245 722 1299 partes
741 1245 1001 1298 suscepturus
1021 1243 1070 1286 cf.
1096 1243 1212 1287 infra.
1254 1243 1516 1287 Declamabat
1543 1246 1683 1287 autem
1710 1243 1871 1287 Cestius
1891 1244 2071 1287 maxime
2099 1245 2141 1287 in
2160 1244 2299 1288 schola
2327 1256 2464 1299 neque
2490 1256 2575 1287 non

171 1312 380 1354 descendit
405 1312 458 1354 ad
486 1311 708 1353 certamina
749 1311 792 1352 in
832 1311 1004 1352 aliorum
1049 1311 1261 1353 rhetorum
1303 1313 1550 1361 conuentus,
1598 1311 1640 1352 id
1678 1311 1789 1364 quod
1832 1313 1919 1353 eius
1962 1323 2056 1353 cum
2091 1312 2271 1354 Latrone
2312 1313 2578 1353 altercatione

170 1380 456 1422 demonsratur
482 1380 612 1421 contr.
640 1378 671 1420 1.
700 1377 739 1420 5.
767 1376 794 1421 8
822 1381 865 1420 et
892 1378 918 1421 9
934 1376 1015 1432 -(cf.
1045 1378 1097 1421 de
1124 1378 1232 1421 Latr.
1268 1379 1365 1421 diss.
1391 1391 1432 1432 p.
1460 1378 1534 1432 23)
1564 1379 1718 1421 collatis
1760 1379 1848 1420 aliis
1890 1378 2071 1422 Senecae
2112 1380 2212 1422 locis
2253 1380 2430 1421 contri.
2460 1379 2499 1421 3.
2536 1378 2577 1425 8

169 1445 383 1497 1.6.11,
439 1444 682 1495 Π.11.22,
719 1457 891 1499 quarum
918 1445 961 1487 in
997 1447 1205 1499 postrema
1241 1447 1477 1489 contextum
1516 1446 1586 1499 qui
1628 1445 1776 1489 dicitur
1810 1445 1870 1488 sic
1896 1446 2075 1488 restituit
2121 1446 2361 1489 Bursianus.
2418 1458 2491 1488 ma
2507 1446 2581 1488 le·

168 1514 294 1555 fieri
321 1525 457 1556 nunc
485 1513 684 1562 orbam,
712 1513 751 1554 si
796 1512 895 1554 iam
921 1515 1023 1554 tum
1060 1513 1291 1562 iurasset.
1347 1512 1551 1554 Recitauit
1577 1513 1716 1562 etiam,
1758 1514 1805 1553 ut
1833 1512 1957 1554 homo
1986 1516 2076 1572 erat
2115 1525 2247 1555 uanus
2276 1516 2320 1554 et
2348 1513 2577 1555 ambitione

171 1581 324 1631 elatus,
352 1581 396 1623 in
422 1580 578 1622 balneis
607 1578 921 1633 publicis,1quo
957 1575 1123 1633 'quidem
1163 1577 1328 1624 Goesius
1364 1571 1542 1623 Seuerus
1593 1581 1699 1622 teste
1741 1578 1938 1622 Suetonio
1974 1580 2027 1623 de
2054 1580 2111 1622 ill.
2139 1591 2312 1634 gramm.
2341 1579 2396 1622 22
2424 1583 2579 1622 atrox

170 1648 314 1689 homo
342 1650 396 1688 et
422 1647 579 1689 facile
618 1647 865 1687 molestus
902 1647 1119 1698 aliquando
1165 1646 1218 1687 ad
1246 1657 1342 1688 eum
1369 1647 1540 1688 accessit
1572 1646 1783 1687 auditurus
1821 1647 1863 1687 in
1890 1646 2088 1688 Milonem
2115 1648 2399 1688 recitaturum.
2458 1647 2580 1688 lllum

169 1726 270 1758 uero
299 1714 409 1757 diem
439 1713 601 1757 Cestius
628 1712 811 1767 profecto
839 1713 996 1755 notauit
1031 1712 1373 1763 infelicissimum,
1415 1724 1509 1755 cum
1544 1713 1776 1755 miserrimo
1812 1713 1936 1755 modo
1964 1725 1988 1756 a
2017 1712 2158 1756 Cassio
2196 1716 2371 1756 uexatus
2406 1712 2577 1755 domum

168 1782 373 1825 rediisset.
428 1781 654 1823 Audiamus
695 1779 881 1823 Cassium
922 1780 1057 1833 ipsum
1095 1779 1272 1821 fabulam
1312 1782 1549 1840 narrantem
1586 1780 1696 1834 apud
1738 1778 1834 1821 Sen.
1871 1792 1959 1822 exc.
1997 1783 2127 1823 contr.
2155 1780 2222 1821 ΙΙΙ.
2250 1780 2377 1834 praef.
2409 1779 2462 1821 16
2490 1792 2578 1833 seq.

176 1848 370 1898 „Memini
397 1848 551 1889 intrare
579 1857 646 1888 me
673 1846 853 1889 scholam
868 1847 986 1896 eius,
1014 1859 1107 1889 cum
1134 1847 1376 1889 recitaturus
1406 1849 1515 1889 esset
1554 1847 1597 1888 in
1623 1846 1823 1888 Milonem
1851 1846 2034 1890 Cestius:
2078 1859 2131 1888 ex
2170 1847 2468 1889 consuetudine
2505 1859 2579 1888 sua

170 1916 340 1959 miratus
358 1912 540 1958 dicebat:
569 1913 618 1957 Si
646 1913 808 1956 Thrax
834 1913 1212 1963 essem‚Fusius
1240 1925 1426 1963 essem,
1454 1913 1866 1957 siPantomimus
1895 1925 2068 1963 essem,
2087 1914 2356 1967 Bathyllus
2385 1925 2500 1956 esse
2516 1926 2579 1962 m,

171 1984 210 2025 si
244 1977 429 2036 equus,
465 1981 710 2024 Melissio.
764 1980 857 2024 Non
896 1981 1076 2023 continui
1103 1981 1228 2023 bilem
1267 1983 1310 2022 et
1354 1981 1601 2024 exclamauit
1651 1980 1700 2023 Si
1748 1982 1931 2024 cloaca
1978 1992 2137 2031 esses,
2185 1982 2397 2023 maxima
2428 1991 2584 2023 esses.

169 2050 291 2092 Risus
317 2049 502 2098 omnium
529 2049 690 2102 ingens:
718 2048 944 2091 scholastici
971 2048 1121 2089 intueri
1149 2060 1237 2096 me,
1265 2049 1356 2101 quis
1384 2060 1519 2090 essem
1548 2049 1618 2102 qui
1647 2052 1732 2090 tam
1761 2061 1917 2090 crassas
1946 2049 2128 2090 ceruices
2155 2048 2362 2090 haberem.
2418 2047 2582 2090 Cestius

171 2115 358 2160 Ciceroni
389 2126 663 2169 responsurus
690 2113 789 2157 'mibi
818 2113 928 2168 quod
956 2113 1224 2168 responderet
1259 2126 1344 2157 non
1372 2115 1552 2165 inuenit,
1585 2114 1662 2157 sed
1696 2116 1863 2170 negauit
1889 2127 1934 2157 se
1962 2118 2250 2164 executurum,
2295 2115 2374 2157 nisi
2404 2115 2583 2157 exissem

175 2183 229 2226 de
258 2182 398 2226 domo.
446 2181 542 2240 Ego
570 2182 717 2237 negaui
744 2192 813 2224 me
837 2181 893 2226 de
919 2181 1065 2224 balneo
1089 2181 1253 2235 publico
1290 2182 1519 2232 exiturum,
1552 2182 1629 2224 nisi
1667 2182 1775 2225 lotus
1812 2194 1957 2225 essem.
2020 2182 2181 2225 Deinde
2231 2181 2350 2224 libuit
2392 2180 2583 2225 Ciceroni

171 2251 224 2293 de
256 2250 396 2294 Cestio
431 2250 474 2292 in
507 2250 600 2292 t'oro
633 2249 877 2292 satisfacere.
952 2248 1131 2298 Subinde
1153 2265 1156 2268 ⁴
1176 2252 1348 2292 nanctus
1391 2261 1487 2292 eum
1529 2250 1572 2292 in
1596 2251 1659 2295 ius
1687 2250 1738 2292 ad
1766 2253 1998 2303 praetorem
2044 2261 2150 2292 uoco
2189 2253 2233 2291 et
2259 2261 2354 2292 cum
2382 2254 2583 2302 quantum

170 2318 360 2361 uolebam
387 2317 573 2360 iocorum
602 2317 966 2370 conuiciorumque
995 2315 1250 2366 effudissem,
1280 2316 1484 2370 postulaui
1514 2319 1561 2359 ut
1587 2319 1756 2370 praetor
1773 2328 1925 2360 nomen
1943 2317 2032 2359 eius
2057 2317 2260 2371 reciperet
2286 2316 2379 2370 lege
2398 2316 2581 2370 inscripti

171 2384 372 2428 maleficii.
428 2383 557 2427 Tanta
585 2383 642 2426 illi
668 2384 922 2438 perturbatio
950 2383 1046 2433 fuit,
1074 2386 1123 2425 ut
1144 2382 1463 2427 ‘aduocationem
1490 2386 1665 2438 peteret.
1718 2383 1877 2426 Deinde
1913 2383 1965 2425 ad
1993 2384 2166 2426 alterum
2195 2387 2432 2438 praetorem
2462 2384 2583 2426 eduxi

174 2455 217 2494 et
242 2452 391 2507 ingrati
412 2453 635 2506 postulaui.
690 2453 775 2494 Iam
801 2451 909 2506 apud
937 2454 1169 2505 praetorem
1196 2452 1403 2494 urbanum
1430 2456 1665 2494 curatorem
1704 2453 1742 2493 ei
1779 2452 1989 2505 petebam:
2036 2452 2406 2494 interuenientibus
2443 2452 2582 2493 amicis

177 2520 248 2572 qui
275 2519 327 2562 ad
362 2518 443 2562 hoc
484 2520 758 2573 spectaculum
786 2521 1075 2561 concurrerant
1110 2518 1161 2560 et‘
1193 2519 1443 2572 rogantibus>
1458 2520 1543 2561 dixi
1591 2519 1805 2561 molestam
1847 2531 1914 2561 me
1946 2519 2119 2572 amplius
2160 2530 2246 2560 non
2296 2519 2501 2567 sumtum,
2547 2521 2581 2560 si

172 2588 345 2630 iurasset
371 2587 628 2630 disertiorem
657 2598 748 2630 esse
776 2585 1019 2631 Ciceronem
1046 2597 1170 2639 quam
1196 2596 1255 2628 se.
1282 2597 1360 2629 nec
1387 2586 1467 2629 hoc
1500 2590 1547 2628 ut
1574 2587 1727 2629 faceret
1753 2586 1820 2628 uel
1859 2587 1951 2629 ioco
1979 2586 2047 2628 uel
2073 2587 2183 2628 serio
2216 2586 2324 2629 effici
2352 2587 2522 2640 potuit.“

159 2682 161 2684 v
305 2653 517 2698 Eiusmodi
545 2653 757 2698 molestiae
784 2654 954 2698 fortasse
980 2654 1131 2698 multae
1154 2654 1196 2696 ei
1225 2653 1482 2705 acciderunt,
1511 2657 1600 2697 erat
1618 2655 1727 2697 enim
1747 2653 1873 2697 homo
1902 2655 1971 2709 qui
2000 2657 2268 2708 prouocaret:
2295 2654 2583 2697 nasutissimus

172 2718 297 2771 (suas.
326 2721 413 2762 vll.
445 2721 529 2777 12),
546 2723 755 2777 ⁴malignus
790 2722 834 2764 et
859 2722 1176 2764 contumeliosus
1209 2720 1354 2775 (contr.
1379 2722 1411 2762 1.
1440 2722 1480 2763 3.
1504 2721 1567 2769 10,
1596 2721 1719 2763 Vllll.
1748 2721 1817 2762 26.
1848 2722 1931 2772 12),
1960 2721 2292 2763 mordacissimus
2321 2724 2469 2772 (contr.
2498 2720 2583 2761 Vll.

172 2787 299 2842 praef.
318 2787 343 2829 -·1
364 2789 489 2842 seq.),
525 2800 720 2844 arrogans
747 2788 857 2844 (exc.
884 2790 1024 2831 contr.
1043 2787 1111 2830 lli.
1129 2788 1261 2842 praef.
1292 2787 1345 2830 16
1372 2799 1458 2842 seq.
1489 2799 1582 2830 suas
1613 2788 1701 2830 vll.
1733 2788 1824 2837 12),
1861 2788 1934 2830 sed
1962 2788 2151 2842 exempla
2189 2788 2348 2830 desunt.
2410 2788 2585 2840 Acquie·

175 2854 374 2898 scendum
402 2858 467 2898 est
492 2855 535 2897 in
562 2857 703 2910 paucis
730 2855 793 2899 his
819 2857 962 2906 rebus,
998 2867 1099 2910 quas
1132 2855 1342 2909 hucusque
1372 2856 1425 2898 de
1452 2857 1538 2898 uita
1564 2857 1858 2898 enarrauimus.

309 2922 699 2967 Addenda-uidetur
722 2924 920 2967 hocloco
962 2923 1231 2966 breuis-de
1266 2923 1495 2966 rhetoris
1535 2927 1586 2966 et
1628 2924 1999 2966 declamatoris
2027 2924 2231 2966 uocibus
2283 2922 2584 2975 disputatio·

176 2989 417 3044 Appellatur
442 2991 555 3035 enim
579 2989 746 3036 Cestius
769 2991 822 3036 ab
849 2991 1101 3046 Hieronymo
1142 2990 1344 3041 rhetor,
1387 3003 1411 3034 a
1440 2989 1595 3035 Seneca
1621 2995 1751 3035 contr.
1780 2991 1809 3034 l.
1842 2991 1879 3033 l.
1912 2991 1963 3033 14
1999 2991 2045 3034 in
2085 2990 2234 3034 nouis
2277 2989 2584 3033 declamato-

171 3053 307 3101 rib‘us
340 3058 593 3102 numeratur.
652 3058 760 3103 Noui
788 3061 927 3103 autem
953 3059 1246 3103 declamatores
1273 3061 1369 3102 sunt
1397 3070 1491 3102 cum
1519 3060 1590 3114 qui
1619 3058 1798 3104 Graecos
1843 3059 2120 3114 sequebantur
2155 3059 2197 3100 in
2244 3057 2440 3108 dicendo,
2495 3061 2584 3100 tum

173 3124 359 3168 maxime
388 3126 641 3180 qui-Asiane
669 3127 829 3170 dicendi
859 3129 1001 3182 generi
1028 3139 1075 3171 se
1098 3128 1357 3171 addixerunt.
1412 3126 1494 3170 Sed
1523 3127 1576 3170 de
1603 3127 1666 3170 his
1694 3127 1798 3169 infra
1827 3127 2122 3181 disputabimus
2137 3155 2150 3176 ,
2186 3127 2270 3168 iam
2306 3126 2359 3168 de
2386 3126 2587 3168 declama·

174 3195 267 3235 tore
295 3193 466 3237 omnino
492 3194 652 3248 'agium-
672 3194 1020 3240 diuersum=enim
1046 3194 1174 3240 Cestii
1201 3196 1381 3240 studium
1409 3197 1584 3250 uterque
1610 3196 1726 3238 testis
1761 3195 1994 3238 ostendere
2027 3193 2215 3246 uidetur,
2253 3192 2586 3248 quandoquidem
