<?xml version="1.0" encoding="UTF-8"?>
<!DOCTYPE html PUBLIC "-//W3C//DTD XHTML 1.0 Transitional//EN"
    "http://www.w3.org/TR/xhtml1/DTD/xhtml1-transitional.dtd">
<html xmlns="http://www.w3.org/1999/xhtml" xml:lang="en" lang="en">
 <head>
  <title>
</title>
<meta http-equiv="Content-Type" content="text/html;charset=utf-8" />
  <meta name='ocr-system' content='tesseract 3.04.00' />
  <meta name='ocr-capabilities' content='ocr_page ocr_carea ocr_par ocr_line ocrx_word'/>
</head>
<body>
  <div class='ocr_page' id='page_1' title='image "./4770952_0029.png"; bbox 0 0 2776 3559; ppageno 0'>
   <div class='ocr_carea' id='block_1_1' title="bbox 1340 101 1402 152">
    <p class='ocr_par' dir='ltr' id='par_1_1' title="bbox 1340 101 1402 152">
     <span class='ocr_line' id='line_1_1' title="bbox 1340 101 1402 152; baseline 0.016 -1"><span class='ocrx_word' id='word_1_1' title='bbox 1340 101 1402 152; x_wconf 77' lang='lat'><strong>17</strong></span> 
     </span>
    </p>
   </div>
   <div class='ocr_carea' id='block_1_2' title="bbox 1238 165 1501 177">
    <p class='ocr_par' dir='ltr' id='par_1_2' title="bbox 1238 165 1501 177">
     <span class='ocr_line' id='line_1_2' title="bbox 1238 165 1501 177; baseline 0 3382"><span class='ocrx_word' id='word_1_2' title='bbox 1238 165 1501 177; x_wconf 95' lang='lat' dir='ltr'><strong> </strong></span> 
     </span>
    </p>
   </div>
   <div class='ocr_carea' id='block_1_3' title="bbox 155 238 2572 1486">
    <p class='ocr_par' dir='ltr' id='par_1_3' title="bbox 155 238 2572 1486">
     <span class='ocr_line' id='line_1_3' title="bbox 363 238 2572 297; baseline -0.001 -15"><span class='ocrx_word' id='word_1_3' title='bbox 363 244 499 292; x_wconf 84' lang='lat' dir='ltr'><strong>Atque</strong></span> <span class='ocrx_word' id='word_1_4' title='bbox 538 252 593 282; x_wconf 85' lang='lat' dir='ltr'><strong>ex</strong></span> <span class='ocrx_word' id='word_1_5' title='bbox 632 240 728 283; x_wconf 78' lang='lat' dir='ltr'><strong>Affii</strong></span> <span class='ocrx_word' id='word_1_6' title='bbox 770 240 823 281; x_wconf 90' lang='lat' dir='ltr'><strong>de</strong></span> <span class='ocrx_word' id='word_1_7' title='bbox 857 240 959 297; x_wconf 75' lang='lat' dir='ltr'><strong>uiris</strong></span> <span class='ocrx_word' id='word_1_8' title='bbox 1007 239 1304 282; x_wconf 80' lang='lat' dir='ltr'><strong>excellentibus</strong></span> <span class='ocrx_word' id='word_1_9' title='bbox 1340 240 1455 281; x_wconf 88' lang='lat' dir='ltr'><strong>libris</strong></span> <span class='ocrx_word' id='word_1_10' title='bbox 1497 239 1723 290; x_wconf 78' lang='lat' dir='ltr'><strong>fragmenta</strong></span> <span class='ocrx_word' id='word_1_11' title='bbox 1760 239 1918 290; x_wconf 83' lang='lat' dir='ltr'><strong>aliquot</strong></span> <span class='ocrx_word' id='word_1_12' title='bbox 1964 251 1989 280; x_wconf 90' lang='lat' dir='ltr'><strong>a</strong></span> <span class='ocrx_word' id='word_1_13' title='bbox 2030 238 2241 280; x_wconf 87' lang='lat' dir='ltr'><strong>Prisciano</strong></span> <span class='ocrx_word' id='word_1_14' title='bbox 2274 242 2436 280; x_wconf 75' lang='lat' dir='ltr'><strong>seruata</strong></span> <span class='ocrx_word' id='word_1_15' title='bbox 2473 243 2572 280; x_wconf 87' lang='lat' dir='ltr'><strong>sunt</strong></span> 
     </span>
     <span class='ocr_line' id='line_1_4' title="bbox 161 302 2572 360; baseline -0.001 -11"><span class='ocrx_word' id='word_1_16' title='bbox 161 305 267 349; x_wconf 86' lang='lat' dir='ltr'>VIII.</span> <span class='ocrx_word' id='word_1_17' title='bbox 295 316 335 360; x_wconf 85' lang='lat' dir='ltr'><strong>p.</strong></span> <span class='ocrx_word' id='word_1_18' title='bbox 363 304 459 355; x_wconf 81' lang='lat'>823,</span> <span class='ocrx_word' id='word_1_19' title='bbox 484 303 620 348; x_wconf 83' lang='lat' dir='ltr'><strong>xvffl</strong></span> <span class='ocrx_word' id='word_1_20' title='bbox 646 316 689 359; x_wconf 89' lang='lat' dir='ltr'><strong>p.</strong></span> <span class='ocrx_word' id='word_1_21' title='bbox 719 303 840 354; x_wconf 83' lang='lat'>1136,</span> <span class='ocrx_word' id='word_1_22' title='bbox 867 302 948 347; x_wconf 81' lang='lat' dir='ltr'><strong>xu</strong></span> <span class='ocrx_word' id='word_1_23' title='bbox 963 315 1004 359; x_wconf 91' lang='lat' dir='ltr'><strong>p.</strong></span> <span class='ocrx_word' id='word_1_24' title='bbox 1022 303 1116 355; x_wconf 86' lang='lat'>497,</span> <span class='ocrx_word' id='word_1_25' title='bbox 1144 316 1249 359; x_wconf 89' lang='lat' dir='ltr'><strong>quae</strong></span> <span class='ocrx_word' id='word_1_26' title='bbox 1266 304 1521 359; x_wconf 87' lang='lat' dir='ltr'><strong>reliquorum</strong></span> <span class='ocrx_word' id='word_1_27' title='bbox 1544 302 1794 347; x_wconf 86' lang='lat' dir='ltr'><strong>desiderium</strong></span> <span class='ocrx_word' id='word_1_28' title='bbox 1811 302 1921 346; x_wconf 90' lang='lat' dir='ltr'><strong>haud</strong></span> <span class='ocrx_word' id='word_1_29' title='bbox 1945 303 2140 359; x_wconf 76' lang='lat' dir='ltr'><strong>exiguum</strong></span> <span class='ocrx_word' id='word_1_30' title='bbox 2159 305 2344 346; x_wconf 85' lang='lat' dir='ltr'><strong>mouent.</strong></span> <span class='ocrx_word' id='word_1_31' title='bbox 2403 302 2572 347; x_wconf 87' lang='lat' dir='ltr'><strong>Illorum</strong></span> 
     </span>
     <span class='ocr_line' id='line_1_5' title="bbox 159 369 2570 427; baseline 0 -13"><span class='ocrx_word' id='word_1_32' title='bbox 159 382 262 414; x_wconf 90' lang='lat' dir='ltr'><strong>uero</strong></span> <span class='ocrx_word' id='word_1_33' title='bbox 289 372 466 426; x_wconf 90' lang='lat' dir='ltr'><strong>primum</strong></span> <span class='ocrx_word' id='word_1_34' title='bbox 493 371 718 415; x_wconf 86' lang='lat' dir='ltr'><strong>uersiculos</strong></span> <span class='ocrx_word' id='word_1_35' title='bbox 759 372 941 415; x_wconf 86' lang='lat' dir='ltr'><strong>continet</strong></span> <span class='ocrx_word' id='word_1_36' title='bbox 974 371 1064 415; x_wconf 81' lang='lat' dir='ltr'>libri</span> <span class='ocrx_word' id='word_1_37' title='bbox 1099 372 1222 427; x_wconf 89' lang='lat' dir='ltr'><strong>primi</strong></span> <span class='ocrx_word' id='word_1_38' title='bbox 1257 371 1310 416; x_wconf 90' lang='lat' dir='ltr'><strong>de</strong></span> <span class='ocrx_word' id='word_1_39' title='bbox 1345 371 1431 414; x_wconf 88' lang='lat' dir='ltr'><strong>ludi</strong></span> <span class='ocrx_word' id='word_1_40' title='bbox 1465 371 1649 414; x_wconf 88' lang='lat' dir='ltr'><strong>litterarii</strong></span> <span class='ocrx_word' id='word_1_41' title='bbox 1685 370 1881 424; x_wconf 80' lang='lat' dir='ltr'><strong>magistro</strong></span> <span class='ocrx_word' id='word_1_42' title='bbox 1915 370 2020 414; x_wconf 85' lang='lat' dir='ltr'><strong>filios</strong></span> <span class='ocrx_word' id='word_1_43' title='bbox 2058 371 2290 426; x_wconf 81' lang='lat' dir='ltr'><strong>principum</strong></span> <span class='ocrx_word' id='word_1_44' title='bbox 2318 369 2570 414; x_wconf 74' lang='lat' dir='ltr'>Faliscorum</span> 
     </span>
     <span class='ocr_line' id='line_1_6' title="bbox 158 436 2569 489; baseline 0 -12"><span class='ocrx_word' id='word_1_45' title='bbox 158 436 385 480; x_wconf 79' lang='lat' dir='ltr'><strong>adducente</strong></span> <span class='ocrx_word' id='word_1_46' title='bbox 430 437 483 478; x_wconf 88' lang='lat' dir='ltr'><strong>ad</strong></span> <span class='ocrx_word' id='word_1_47' title='bbox 527 436 585 477; x_wconf 85' lang='lat' dir='ltr'><strong>M.</strong></span> <span class='ocrx_word' id='word_1_48' title='bbox 632 437 801 479; x_wconf 87' lang='lat' dir='ltr'><strong>Furium</strong></span> <span class='ocrx_word' id='word_1_49' title='bbox 847 437 1060 480; x_wconf 83' lang='lat' dir='ltr'><strong>Camillum</strong></span> <span class='ocrx_word' id='word_1_50' title='bbox 1128 437 1202 479; x_wconf 86' lang='lat' dir='ltr'><strong>sed</strong></span> <span class='ocrx_word' id='word_1_51' title='bbox 1247 438 1299 479; x_wconf 89' lang='lat' dir='ltr'><strong>ab</strong></span> <span class='ocrx_word' id='word_1_52' title='bbox 1346 448 1398 478; x_wconf 91' lang='lat' dir='ltr'><strong>eo</strong></span> <span class='ocrx_word' id='word_1_53' title='bbox 1444 438 1583 479; x_wconf 89' lang='lat' dir='ltr'><strong>uincto</strong></span> <span class='ocrx_word' id='word_1_54' title='bbox 1628 439 1671 477; x_wconf 88' lang='lat' dir='ltr'><strong>et</strong></span> <span class='ocrx_word' id='word_1_55' title='bbox 1718 437 1856 489; x_wconf 90' lang='lat' dir='ltr'><strong>pueris</strong></span> <span class='ocrx_word' id='word_1_56' title='bbox 1901 437 2050 478; x_wconf 89' lang='lat' dir='ltr'><strong>tradito</strong></span> <span class='ocrx_word' id='word_1_57' title='bbox 2070 466 2083 487; x_wconf 87' lang='lat'>,</span> <span class='ocrx_word' id='word_1_58' title='bbox 2145 440 2192 478; x_wconf 91' lang='lat' dir='ltr'><strong>ut</strong></span> <span class='ocrx_word' id='word_1_59' title='bbox 2237 436 2478 478; x_wconf 87' lang='lat' dir='ltr'><strong>uerberibus</strong></span> <span class='ocrx_word' id='word_1_60' title='bbox 2525 439 2569 478; x_wconf 89' lang='lat' dir='ltr'><strong>in</strong></span> 
     </span>
     <span class='ocr_line' id='line_1_7' title="bbox 159 503 604 555; baseline 0.002 -11"><span class='ocrx_word' id='word_1_61' title='bbox 159 504 303 545; x_wconf 88' lang='lat' dir='ltr'><strong>urbem</strong></span> <span class='ocrx_word' id='word_1_62' title='bbox 330 503 604 555; x_wconf 83' lang='lat' dir='ltr'><strong>redigeretur:</strong></span> 
     </span>
     <span class='ocr_line' id='line_1_8' title="bbox 1074 566 1615 612; baseline -0.004 0"><span class='ocrx_word' id='word_1_63' title='bbox 1074 568 1181 612; x_wconf 90' lang='lat' dir='ltr'><strong>Tum</strong></span> <span class='ocrx_word' id='word_1_64' title='bbox 1208 568 1411 611; x_wconf 83' lang='lat' dir='ltr'><strong>litterator</strong></span> <span class='ocrx_word' id='word_1_65' title='bbox 1436 566 1615 611; x_wconf 89' lang='lat' dir='ltr'><strong>creditos</strong></span> 
     </span>
     <span class='ocr_line' id='line_1_9' title="bbox 1075 635 1610 679; baseline -0.004 0"><span class='ocrx_word' id='word_1_66' title='bbox 1075 635 1191 679; x_wconf 90' lang='lat' dir='ltr'><strong>Ludo</strong></span> <span class='ocrx_word' id='word_1_67' title='bbox 1219 635 1422 679; x_wconf 88' lang='lat' dir='ltr'><strong>Faliscum</strong></span> <span class='ocrx_word' id='word_1_68' title='bbox 1458 635 1610 678; x_wconf 89' lang='lat' dir='ltr'><strong>liberos</strong></span> 
     </span>
     <span class='ocr_line' id='line_1_10' title="bbox 1075 702 1710 758; baseline -0.005 -10"><span class='ocrx_word' id='word_1_69' title='bbox 1075 702 1297 748; x_wconf 87' lang='lat' dir='ltr'><strong>Caussatus</strong></span> <span class='ocrx_word' id='word_1_70' title='bbox 1330 703 1374 746; x_wconf 90' lang='lat' dir='ltr'><strong>in</strong></span> <span class='ocrx_word' id='word_1_71' title='bbox 1401 702 1536 758; x_wconf 84' lang='lat' dir='ltr'><strong>campi</strong></span> <span class='ocrx_word' id='word_1_72' title='bbox 1565 705 1710 757; x_wconf 88' lang='lat' dir='ltr'><strong>patens</strong></span> 
     </span>
     <span class='ocr_line' id='line_1_11' title="bbox 1073 769 1609 825; baseline -0.002 -13"><span class='ocrx_word' id='word_1_73' title='bbox 1073 770 1290 825; x_wconf 80' lang='lat' dir='ltr'><strong>Extraque</strong></span> <span class='ocrx_word' id='word_1_74' title='bbox 1318 771 1427 811; x_wconf 91' lang='lat' dir='ltr'><strong>muri</strong></span> <span class='ocrx_word' id='word_1_75' title='bbox 1455 769 1609 811; x_wconf 89' lang='lat' dir='ltr'><strong>ducere</strong></span> 
     </span>
     <span class='ocr_line' id='line_1_12' title="bbox 1075 836 1690 892; baseline -0.005 -11"><span class='ocrx_word' id='word_1_76' title='bbox 1075 837 1298 892; x_wconf 86' lang='lat' dir='ltr'><strong>Spatiando</strong></span> <span class='ocrx_word' id='word_1_77' title='bbox 1325 837 1537 891; x_wconf 73' lang='lat' dir='ltr'><strong>paullatim</strong></span> <span class='ocrx_word' id='word_1_78' title='bbox 1564 836 1690 879; x_wconf 82' lang='lat' dir='ltr'><strong>trahit</strong></span> 
     </span>
     <span class='ocr_line' id='line_1_13' title="bbox 1073 903 1598 948; baseline -0.004 0"><span class='ocrx_word' id='word_1_79' title='bbox 1073 904 1243 948; x_wconf 86' lang='lat' dir='ltr'><strong>Hostilis</strong></span> <span class='ocrx_word' id='word_1_80' title='bbox 1271 904 1323 947; x_wconf 90' lang='lat' dir='ltr'><strong>ad</strong></span> <span class='ocrx_word' id='word_1_81' title='bbox 1352 903 1449 947; x_wconf 91' lang='lat' dir='ltr'><strong>ualli</strong></span> <span class='ocrx_word' id='word_1_82' title='bbox 1477 903 1598 947; x_wconf 88' lang='lat' dir='ltr'><strong>latus.</strong></span> 
     </span>
     <span class='ocr_line' id='line_1_14' title="bbox 358 969 1716 1026; baseline -0.002 -12"><span class='ocrx_word' id='word_1_83' title='bbox 358 972 543 1015; x_wconf 86' lang='lat' dir='ltr'><strong>Alterum</strong></span> <span class='ocrx_word' id='word_1_84' title='bbox 570 982 664 1015; x_wconf 91' lang='lat' dir='ltr'><strong>cum</strong></span> <span class='ocrx_word' id='word_1_85' title='bbox 692 970 771 1014; x_wconf 87' lang='lat' dir='ltr'><strong>hoe</strong></span> <span class='ocrx_word' id='word_1_86' title='bbox 798 971 1020 1014; x_wconf 83' lang='lat' dir='ltr'><strong>cohaerens</strong></span> <span class='ocrx_word' id='word_1_87' title='bbox 1046 971 1134 1026; x_wconf 89' lang='lat' dir='ltr'><strong>ipsa</strong></span> <span class='ocrx_word' id='word_1_88' title='bbox 1162 971 1345 1026; x_wconf 83' lang='lat' dir='ltr'><strong>magistri</strong></span> <span class='ocrx_word' id='word_1_89' title='bbox 1373 971 1502 1013; x_wconf 90' lang='lat' dir='ltr'><strong>uerba</strong></span> <span class='ocrx_word' id='word_1_90' title='bbox 1530 969 1716 1013; x_wconf 82' lang='lat' dir='ltr'><strong>exhibet:</strong></span> 
     </span>
     <span class='ocr_line' id='line_1_15' title="bbox 1071 1037 1620 1088; baseline -0.005 -5"><span class='ocrx_word' id='word_1_91' title='bbox 1071 1037 1154 1083; x_wconf 85' lang='lat' dir='ltr'><strong>Seu</strong></span> <span class='ocrx_word' id='word_1_92' title='bbox 1181 1040 1271 1083; x_wconf 90' lang='lat' dir='ltr'><strong>tute</strong></span> <span class='ocrx_word' id='word_1_93' title='bbox 1297 1037 1414 1081; x_wconf 89' lang='lat' dir='ltr'><strong>malis</strong></span> <span class='ocrx_word' id='word_1_94' title='bbox 1442 1037 1620 1088; x_wconf 89' lang='lat' dir='ltr'><strong>obsides,</strong></span> 
     </span>
     <span class='ocr_line' id='line_1_16' title="bbox 1072 1105 1661 1159; baseline -0.002 -10"><span class='ocrx_word' id='word_1_95' title='bbox 1072 1105 1156 1150; x_wconf 92' lang='lat' dir='ltr'><strong>Seu</strong></span> <span class='ocrx_word' id='word_1_96' title='bbox 1182 1108 1271 1149; x_wconf 88' lang='lat' dir='ltr'><strong>tute</strong></span> <span class='ocrx_word' id='word_1_97' title='bbox 1302 1106 1486 1159; x_wconf 89' lang='lat' dir='ltr'><strong>captiuos</strong></span> <span class='ocrx_word' id='word_1_98' title='bbox 1519 1105 1661 1148; x_wconf 74' lang='lat' dir='ltr'><strong>habes.</strong></span> 
     </span>
     <span class='ocr_line' id='line_1_17' title="bbox 155 1170 2565 1229; baseline 0.001 -13"><span class='ocrx_word' id='word_1_99' title='bbox 155 1174 204 1217; x_wconf 83' lang='lat' dir='ltr'><strong>cf.</strong></span> <span class='ocrx_word' id='word_1_100' title='bbox 231 1173 375 1229; x_wconf 81' lang='lat' dir='ltr'><strong>Meyer</strong></span> <span class='ocrx_word' id='word_1_101' title='bbox 402 1173 555 1215; x_wconf 90' lang='lat' dir='ltr'><strong>anthol.</strong></span> <span class='ocrx_word' id='word_1_102' title='bbox 588 1173 659 1214; x_wconf 91' lang='lat' dir='ltr'><strong>lat.</strong></span> <span class='ocrx_word' id='word_1_103' title='bbox 687 1172 717 1214; x_wconf 92' lang='lat'><strong>1.</strong></span> <span class='ocrx_word' id='word_1_104' title='bbox 748 1170 839 1214; x_wconf 78' lang='lat'><strong>125.</strong></span> <span class='ocrx_word' id='word_1_105' title='bbox 900 1171 1118 1215; x_wconf 85' lang='lat' dir='ltr'><strong>Burmann.</strong></span> <span class='ocrx_word' id='word_1_106' title='bbox 1146 1172 1177 1214; x_wconf 88' lang='lat'><strong>1.</strong></span> <span class='ocrx_word' id='word_1_107' title='bbox 1204 1171 1300 1214; x_wconf 78' lang='lat'><strong>452.</strong></span> <span class='ocrx_word' id='word_1_108' title='bbox 1362 1171 1547 1214; x_wconf 88' lang='lat' dir='ltr'><strong>Tertium</strong></span> <span class='ocrx_word' id='word_1_109' title='bbox 1577 1171 1754 1226; x_wconf 87' lang='lat' dir='ltr'><strong>denique</strong></span> <span class='ocrx_word' id='word_1_110' title='bbox 1782 1171 1983 1215; x_wconf 86' lang='lat' dir='ltr'><strong>Hersiliae</strong></span> <span class='ocrx_word' id='word_1_111' title='bbox 2011 1171 2184 1216; x_wconf 84' lang='lat' dir='ltr'><strong>Sabinae</strong></span> <span class='ocrx_word' id='word_1_112' title='bbox 2212 1174 2341 1217; x_wconf 82' lang='lat' dir='ltr'><strong>uerba</strong></span> <span class='ocrx_word' id='word_1_113' title='bbox 2369 1176 2565 1225; x_wconf 80' lang='lat' dir='ltr'><strong>continet,</strong></span> 
     </span>
     <span class='ocr_line' id='line_1_18' title="bbox 155 1240 1475 1297; baseline -0.002 -13"><span class='ocrx_word' id='word_1_114' title='bbox 155 1243 301 1295; x_wconf 88' lang='lat' dir='ltr'><strong>quibus</strong></span> <span class='ocrx_word' id='word_1_115' title='bbox 327 1244 374 1284; x_wconf 94' lang='lat' dir='ltr'><strong>ut</strong></span> <span class='ocrx_word' id='word_1_116' title='bbox 402 1241 515 1294; x_wconf 85' lang='lat' dir='ltr'><strong>genti</strong></span> <span class='ocrx_word' id='word_1_117' title='bbox 543 1252 642 1283; x_wconf 88' lang='lat' dir='ltr'><strong>suae</strong></span> <span class='ocrx_word' id='word_1_118' title='bbox 670 1243 808 1297; x_wconf 83' lang='lat' dir='ltr'><strong>parcat</strong></span> <span class='ocrx_word' id='word_1_119' title='bbox 833 1252 858 1283; x_wconf 89' lang='lat' dir='ltr'><strong>a</strong></span> <span class='ocrx_word' id='word_1_120' title='bbox 884 1240 1060 1283; x_wconf 87' lang='lat' dir='ltr'><strong>Romulo</strong></span> <span class='ocrx_word' id='word_1_121' title='bbox 1089 1241 1235 1283; x_wconf 82' lang='lat' dir='ltr'><strong>marito</strong></span> <span class='ocrx_word' id='word_1_122' title='bbox 1262 1242 1475 1294; x_wconf 84' lang='lat' dir='ltr'><strong>precatur:</strong></span> 
     </span>
     <span class='ocr_line' id='line_1_19' title="bbox 1034 1304 1611 1361; baseline -0.005 -10"><span class='ocrx_word' id='word_1_123' title='bbox 1034 1306 1195 1357; x_wconf 89' lang='lat' dir='ltr'><strong>Marite,</strong></span> <span class='ocrx_word' id='word_1_124' title='bbox 1223 1306 1257 1350; x_wconf 90' lang='lat' dir='ltr'><strong>si</strong></span> <span class='ocrx_word' id='word_1_125' title='bbox 1286 1306 1450 1361; x_wconf 81' lang='lat' dir='ltr'><strong>sanguis</strong></span> <span class='ocrx_word' id='word_1_126' title='bbox 1479 1304 1611 1355; x_wconf 89' lang='lat' dir='ltr'><strong>Curis,</strong></span> 
     </span>
     <span class='ocr_line' id='line_1_20' title="bbox 1034 1373 1593 1428; baseline -0.004 -10"><span class='ocrx_word' id='word_1_127' title='bbox 1034 1373 1183 1418; x_wconf 88' lang='lat' dir='ltr'><strong>Sabina</strong></span> <span class='ocrx_word' id='word_1_128' title='bbox 1211 1374 1245 1416; x_wconf 92' lang='lat' dir='ltr'><strong>si</strong></span> <span class='ocrx_word' id='word_1_129' title='bbox 1274 1374 1419 1417; x_wconf 90' lang='lat' dir='ltr'><strong>caedes</strong></span> <span class='ocrx_word' id='word_1_130' title='bbox 1447 1373 1593 1428; x_wconf 88' lang='lat' dir='ltr'><strong>placet,</strong></span> 
     </span>
     <span class='ocr_line' id='line_1_21' title="bbox 1033 1442 1721 1486; baseline 0.003 -2"><span class='ocrx_word' id='word_1_131' title='bbox 1033 1442 1081 1484; x_wconf 87' lang='lat' dir='ltr'><strong>ln</strong></span> <span class='ocrx_word' id='word_1_132' title='bbox 1108 1452 1176 1483; x_wconf 91' lang='lat' dir='ltr'><strong>me</strong></span> <span class='ocrx_word' id='word_1_133' title='bbox 1202 1452 1278 1483; x_wconf 88' lang='lat' dir='ltr'><strong>oro</strong></span> <span class='ocrx_word' id='word_1_134' title='bbox 1313 1442 1529 1483; x_wconf 84' lang='lat' dir='ltr'><strong>conuertas</strong></span> <span class='ocrx_word' id='word_1_135' title='bbox 1564 1452 1721 1486; x_wconf 76' lang='lat' dir='ltr'><strong>manus·</strong></span> 
     </span>
    </p>
   </div>
   <div class='ocr_carea' id='block_1_4' title="bbox 152 1506 968 1563">
    <p class='ocr_par' dir='ltr' id='par_1_4' title="bbox 152 1506 968 1563">
     <span class='ocr_line' id='line_1_22' title="bbox 152 1506 968 1563; baseline -0.004 -11"><span class='ocrx_word' id='word_1_136' title='bbox 152 1510 201 1552; x_wconf 79' lang='lat' dir='ltr'><strong>cf.</strong></span> <span class='ocrx_word' id='word_1_137' title='bbox 229 1509 448 1553; x_wconf 84' lang='lat' dir='ltr'><strong>Burmann.</strong></span> <span class='ocrx_word' id='word_1_138' title='bbox 476 1507 526 1551; x_wconf 86' lang='lat'><strong>11.</strong></span> <span class='ocrx_word' id='word_1_139' title='bbox 554 1506 649 1551; x_wconf 79' lang='lat'><strong>730.</strong></span> <span class='ocrx_word' id='word_1_140' title='bbox 705 1506 858 1563; x_wconf 83' lang='lat' dir='ltr'><strong>Meyer.</strong></span> <span class='ocrx_word' id='word_1_141' title='bbox 886 1508 913 1550; x_wconf 88' lang='lat' dir='ltr'><strong>l.</strong></span> <span class='ocrx_word' id='word_1_142' title='bbox 941 1508 968 1550; x_wconf 91' lang='lat' dir='ltr'><strong>l.</strong></span> 
     </span>
    </p>
   </div>
   <div class='ocr_carea' id='block_1_5' title="bbox 148 1597 2564 1856">
    <p class='ocr_par' dir='ltr' id='par_1_5' title="bbox 148 1597 2564 1856">
     <span class='ocr_line' id='line_1_23' title="bbox 354 1597 2564 1653; baseline 0.001 -12"><span class='ocrx_word' id='word_1_143' title='bbox 354 1600 487 1641; x_wconf 84' lang='lat' dir='ltr'><strong>Aliam</strong></span> <span class='ocrx_word' id='word_1_144' title='bbox 524 1599 661 1653; x_wconf 88' lang='lat' dir='ltr'><strong>poesis</strong></span> <span class='ocrx_word' id='word_1_145' title='bbox 698 1599 909 1641; x_wconf 89' lang='lat' dir='ltr'><strong>materiam</strong></span> <span class='ocrx_word' id='word_1_146' title='bbox 934 1599 1172 1653; x_wconf 55' lang='lat' dir='ltr'><strong>«significare</strong></span> <span class='ocrx_word' id='word_1_147' title='bbox 1205 1598 1370 1641; x_wconf 87' lang='lat' dir='ltr'><strong>uidetur</strong></span> <span class='ocrx_word' id='word_1_148' title='bbox 1395 1598 1551 1640; x_wconf 87' lang='lat' dir='ltr'><strong>Plinius</strong></span> <span class='ocrx_word' id='word_1_149' title='bbox 1578 1597 1673 1639; x_wconf 89' lang='lat' dir='ltr'><strong>hist.</strong></span> <span class='ocrx_word' id='word_1_150' title='bbox 1699 1600 1783 1639; x_wconf 88' lang='lat' dir='ltr'><strong>nat.</strong></span> <span class='ocrx_word' id='word_1_151' title='bbox 1811 1598 1933 1640; x_wconf 87' lang='lat' dir='ltr'>VIIII.</span> <span class='ocrx_word' id='word_1_152' title='bbox 1968 1598 1997 1642; x_wconf 90' lang='lat'>8</span> <span class='ocrx_word' id='word_1_153' title='bbox 2030 1600 2359 1643; x_wconf 81' lang='lat' dir='ltr'><strong>narratiunculae</strong></span> <span class='ocrx_word' id='word_1_154' title='bbox 2391 1602 2564 1644; x_wconf 85' lang='lat' dir='ltr'><strong>alicuius</strong></span> 
     </span>
     <span class='ocr_line' id='line_1_24' title="bbox 151 1663 2563 1722; baseline 0 -11"><span class='ocrx_word' id='word_1_155' title='bbox 151 1667 204 1711; x_wconf 90' lang='lat' dir='ltr'><strong>de</strong></span> <span class='ocrx_word' id='word_1_156' title='bbox 231 1665 422 1722; x_wconf 89' lang='lat' dir='ltr'><strong>delphino</strong></span> <span class='ocrx_word' id='word_1_157' title='bbox 449 1675 625 1721; x_wconf 88' lang='lat' dir='ltr'><strong>puerum</strong></span> <span class='ocrx_word' id='word_1_158' title='bbox 651 1663 919 1709; x_wconf 88' lang='lat' dir='ltr'><strong>Puteolanum</strong></span> <span class='ocrx_word' id='word_1_159' title='bbox 945 1667 1108 1710; x_wconf 88' lang='lat' dir='ltr'><strong>amante</strong></span> <span class='ocrx_word' id='word_1_160' title='bbox 1132 1665 1284 1709; x_wconf 83' lang='lat' dir='ltr'><strong>Alfium</strong></span> <span class='ocrx_word' id='word_1_161' title='bbox 1312 1664 1485 1708; x_wconf 82' lang='lat' dir='ltr'><strong>Flauum</strong></span> <span class='ocrx_word' id='word_1_162' title='bbox 1512 1664 1640 1708; x_wconf 86' lang='lat' dir='ltr'><strong>citans</strong></span> <span class='ocrx_word' id='word_1_163' title='bbox 1667 1666 1917 1708; x_wconf 67' lang='lat' dir='ltr'><strong>amatorem.-</strong></span> <span class='ocrx_word' id='word_1_164' title='bbox 1953 1664 2074 1710; x_wconf 86' lang='lat' dir='ltr'><strong>Hunc</strong></span> <span class='ocrx_word' id='word_1_165' title='bbox 2101 1667 2212 1710; x_wconf 90' lang='lat' dir='ltr'><strong>enim</strong></span> <span class='ocrx_word' id='word_1_166' title='bbox 2239 1669 2407 1722; x_wconf 88' lang='lat' dir='ltr'><strong>poetam</strong></span> <span class='ocrx_word' id='word_1_167' title='bbox 2434 1667 2563 1712; x_wconf 82' lang='lat' dir='ltr'><strong>Cestii</strong></span> 
     </span>
     <span class='ocr_line' id='line_1_25' title="bbox 148 1731 2564 1789; baseline 0 -11"><span class='ocrx_word' id='word_1_168' title='bbox 148 1746 240 1778; x_wconf 85' lang='lat' dir='ltr'><strong>esse</strong></span> <span class='ocrx_word' id='word_1_169' title='bbox 266 1735 510 1783; x_wconf 87' lang='lat' dir='ltr'><strong>auditorem,</strong></span> <span class='ocrx_word' id='word_1_170' title='bbox 539 1733 730 1788; x_wconf 89' lang='lat' dir='ltr'><strong>quoniam</strong></span> <span class='ocrx_word' id='word_1_171' title='bbox 761 1734 1018 1789; x_wconf 84' lang='lat' dir='ltr'><strong>componitur</strong></span> <span class='ocrx_word' id='word_1_172' title='bbox 1044 1745 1140 1777; x_wconf 88' lang='lat' dir='ltr'><strong>cum</strong></span> <span class='ocrx_word' id='word_1_173' title='bbox 1165 1733 1344 1776; x_wconf 82' lang='lat' dir='ltr'><strong>Fabiano</strong></span> <span class='ocrx_word' id='word_1_174' title='bbox 1378 1732 1519 1776; x_wconf 82' lang='lat' dir='ltr'><strong>Arellii</strong></span> <span class='ocrx_word' id='word_1_175' title='bbox 1543 1731 1662 1774; x_wconf 83' lang='lat' dir='ltr'><strong>Fusci</strong></span> <span class='ocrx_word' id='word_1_176' title='bbox 1689 1735 1737 1774; x_wconf 93' lang='lat' dir='ltr'><strong>ut</strong></span> <span class='ocrx_word' id='word_1_177' title='bbox 1762 1732 1927 1776; x_wconf 90' lang='lat' dir='ltr'><strong>uidetur</strong></span> <span class='ocrx_word' id='word_1_178' title='bbox 1956 1734 2155 1789; x_wconf 89' lang='lat' dir='ltr'><strong>discipulo</strong></span> <span class='ocrx_word' id='word_1_179' title='bbox 2174 1734 2301 1778; x_wconf 85' lang='lat' dir='ltr'><strong>Cestii</strong></span> <span class='ocrx_word' id='word_1_180' title='bbox 2320 1739 2363 1778; x_wconf 89' lang='lat' dir='ltr'><strong>et</strong></span> <span class='ocrx_word' id='word_1_181' title='bbox 2381 1734 2564 1780; x_wconf 85' lang='lat' dir='ltr'><strong>Senecae</strong></span> 
     </span>
     <span class='ocr_line' id='line_1_26' title="bbox 149 1799 1214 1856; baseline -0.002 -11"><span class='ocrx_word' id='word_1_182' title='bbox 149 1802 322 1856; x_wconf 85' lang='lat' dir='ltr'><strong>aequali,</strong></span> <span class='ocrx_word' id='word_1_183' title='bbox 349 1814 373 1844; x_wconf 91' lang='lat' dir='ltr'><strong>a</strong></span> <span class='ocrx_word' id='word_1_184' title='bbox 400 1812 503 1843; x_wconf 91' lang='lat' dir='ltr'><strong>uero</strong></span> <span class='ocrx_word' id='word_1_185' title='bbox 529 1812 614 1843; x_wconf 89' lang='lat' dir='ltr'><strong>non</strong></span> <span class='ocrx_word' id='word_1_186' title='bbox 640 1799 860 1843; x_wconf 90' lang='lat' dir='ltr'><strong>admodum</strong></span> <span class='ocrx_word' id='word_1_187' title='bbox 887 1800 1030 1856; x_wconf 89' lang='lat' dir='ltr'><strong>procul</strong></span> <span class='ocrx_word' id='word_1_188' title='bbox 1054 1801 1214 1843; x_wconf 82' lang='lat' dir='ltr'><strong>afuerit.</strong></span> 
     </span>
    </p>
   </div>
   <div class='ocr_carea' id='block_1_6' title="bbox 150 1908 2565 2035">
    <p class='ocr_par' dir='ltr' id='par_1_6' title="bbox 150 1908 2565 2035">
     <span class='ocr_line' id='line_1_27' title="bbox 354 1908 2565 1966; baseline 0 -10"><span class='ocrx_word' id='word_1_189' title='bbox 354 1911 555 1956; x_wconf 89' lang='lat' dir='ltr'><strong>Ordinem</strong></span> <span class='ocrx_word' id='word_1_190' title='bbox 583 1911 867 1956; x_wconf 88' lang='lat' dir='ltr'><strong>Cestianorum</strong></span> <span class='ocrx_word' id='word_1_191' title='bbox 894 1912 1127 1956; x_wconf 87' lang='lat' dir='ltr'><strong>auditorum</strong></span> <span class='ocrx_word' id='word_1_192' title='bbox 1154 1911 1360 1956; x_wconf 90' lang='lat' dir='ltr'><strong>concludit</strong></span> <span class='ocrx_word' id='word_1_193' title='bbox 1387 1908 1749 1966; x_wconf 63' lang='lat' dir='ltr'><strong>Quintilius</strong></span> <span class='ocrx_word' id='word_1_194' title='bbox 1778 1910 2009 1965; x_wconf 70' lang='lat' dir='ltr'><strong>Varus,</strong></span> <span class='ocrx_word' id='word_1_195' title='bbox 2043 1913 2141 1956; x_wconf 89' lang='lat' dir='ltr'><strong>uicti</strong></span> <span class='ocrx_word' id='word_1_196' title='bbox 2169 1915 2212 1956; x_wconf 93' lang='lat' dir='ltr'><strong>et</strong></span> <span class='ocrx_word' id='word_1_197' title='bbox 2238 1914 2360 1957; x_wconf 88' lang='lat' dir='ltr'><strong>occisi</strong></span> <span class='ocrx_word' id='word_1_198' title='bbox 2389 1915 2433 1957; x_wconf 91' lang='lat' dir='ltr'><strong>in</strong></span> <span class='ocrx_word' id='word_1_199' title='bbox 2460 1914 2565 1957; x_wconf 91' lang='lat' dir='ltr'><strong>silua</strong></span> 
     </span>
     <span class='ocr_line' id='line_1_28' title="bbox 150 1977 2383 2035; baseline 0 -12"><span class='ocrx_word' id='word_1_200' title='bbox 150 1980 477 2035; x_wconf 83' lang='lat' dir='ltr'><strong>Teutoburgensi</strong></span> <span class='ocrx_word' id='word_1_201' title='bbox 507 1979 603 2022; x_wconf 85' lang='lat' dir='ltr'><strong>Vari</strong></span> <span class='ocrx_word' id='word_1_202' title='bbox 631 1980 752 2030; x_wconf 87' lang='lat' dir='ltr'><strong>filius,</strong></span> <span class='ocrx_word' id='word_1_203' title='bbox 779 1979 928 2034; x_wconf 83' lang='lat' dir='ltr'><strong>ineptis</strong></span> <span class='ocrx_word' id='word_1_204' title='bbox 954 1980 1167 2024; x_wconf 81' lang='lat' dir='ltr'><strong>sententiis</strong></span> <span class='ocrx_word' id='word_1_205' title='bbox 1194 1979 1381 2023; x_wconf 83' lang='lat' dir='ltr'><strong>exultans</strong></span> <span class='ocrx_word' id='word_1_206' title='bbox 1408 1978 1461 2021; x_wconf 91' lang='lat' dir='ltr'><strong>de</strong></span> <span class='ocrx_word' id='word_1_207' title='bbox 1486 1990 1569 2032; x_wconf 85' lang='lat' dir='ltr'><strong>quo</strong></span> <span class='ocrx_word' id='word_1_208' title='bbox 1599 1977 1681 2020; x_wconf 87' lang='lat' dir='ltr'><strong>iam</strong></span> <span class='ocrx_word' id='word_1_209' title='bbox 1707 1989 1831 2031; x_wconf 86' lang='lat' dir='ltr'><strong>supra</strong></span> <span class='ocrx_word' id='word_1_210' title='bbox 1859 1977 2038 2022; x_wconf 80' lang='lat' dir='ltr'><strong>diximus</strong></span> <span class='ocrx_word' id='word_1_211' title='bbox 2066 1992 2159 2035; x_wconf 83' lang='lat' dir='ltr'><strong>pag.</strong></span> <span class='ocrx_word' id='word_1_212' title='bbox 2189 1981 2216 2024; x_wconf 88' lang='lat'>5</span> <span class='ocrx_word' id='word_1_213' title='bbox 2245 1984 2289 2024; x_wconf 89' lang='lat' dir='ltr'><strong>et</strong></span> <span class='ocrx_word' id='word_1_214' title='bbox 2318 1981 2383 2024; x_wconf 75' lang='lat'><strong>12.</strong></span> 
     </span>
    </p>
   </div>
   <div class='ocr_carea' id='block_1_7' title="bbox 149 2087 2566 2349">
    <p class='ocr_par' dir='ltr' id='par_1_7' title="bbox 149 2087 2566 2349">
     <span class='ocr_line' id='line_1_29' title="bbox 354 2087 2564 2147; baseline 0.002 -12"><span class='ocrx_word' id='word_1_215' title='bbox 354 2090 438 2145; x_wconf 89' lang='lat' dir='ltr'><strong>Qui</strong></span> <span class='ocrx_word' id='word_1_216' title='bbox 465 2093 697 2146; x_wconf 89' lang='lat' dir='ltr'><strong>postremus</strong></span> <span class='ocrx_word' id='word_1_217' title='bbox 724 2101 748 2133; x_wconf 88' lang='lat' dir='ltr'><strong>a</strong></span> <span class='ocrx_word' id='word_1_218' title='bbox 776 2088 931 2134; x_wconf 88' lang='lat' dir='ltr'><strong>Seneca</strong></span> <span class='ocrx_word' id='word_1_219' title='bbox 957 2090 1166 2147; x_wconf 82' lang='lat' dir='ltr'><strong>profertur</strong></span> <span class='ocrx_word' id='word_1_220' title='bbox 1191 2088 1426 2138; x_wconf 69' lang='lat' dir='ltr'><strong>Pastor</strong></span> <span class='ocrx_word' id='word_1_221' title='bbox 1452 2087 1708 2136; x_wconf 72' lang='lat' dir='ltr'><strong>Aietius</strong></span> <span class='ocrx_word' id='word_1_222' title='bbox 1736 2091 1920 2140; x_wconf 85' lang='lat' dir='ltr'><strong>senator,</strong></span> <span class='ocrx_word' id='word_1_223' title='bbox 1956 2089 1991 2133; x_wconf 89' lang='lat' dir='ltr'><strong>is</strong></span> <span class='ocrx_word' id='word_1_224' title='bbox 2018 2101 2104 2134; x_wconf 88' lang='lat' dir='ltr'><strong>non</strong></span> <span class='ocrx_word' id='word_1_225' title='bbox 2131 2094 2216 2135; x_wconf 91' lang='lat' dir='ltr'><strong>tam</strong></span> <span class='ocrx_word' id='word_1_226' title='bbox 2243 2092 2408 2137; x_wconf 88' lang='lat' dir='ltr'><strong>auditor</strong></span> <span class='ocrx_word' id='word_1_227' title='bbox 2435 2092 2564 2140; x_wconf 64' lang='lat' dir='ltr'><strong>Cestii</strong></span> 
     </span>
     <span class='ocr_line' id='line_1_30' title="bbox 149 2156 2566 2214; baseline 0.002 -13"><span class='ocrx_word' id='word_1_228' title='bbox 149 2158 313 2202; x_wconf 89' lang='lat' dir='ltr'><strong>uidetur</strong></span> <span class='ocrx_word' id='word_1_229' title='bbox 340 2157 464 2202; x_wconf 81' lang='lat' dir='ltr'><strong>fuisse</strong></span> <span class='ocrx_word' id='word_1_230' title='bbox 492 2171 614 2214; x_wconf 89' lang='lat' dir='ltr'><strong>quam</strong></span> <span class='ocrx_word' id='word_1_231' title='bbox 642 2158 857 2214; x_wconf 91' lang='lat' dir='ltr'><strong>aliquando</strong></span> <span class='ocrx_word' id='word_1_232' title='bbox 885 2158 1134 2203; x_wconf 87' lang='lat' dir='ltr'><strong>declamasse</strong></span> <span class='ocrx_word' id='word_1_233' title='bbox 1161 2157 1271 2213; x_wconf 89' lang='lat' dir='ltr'><strong>apud</strong></span> <span class='ocrx_word' id='word_1_234' title='bbox 1296 2157 1426 2208; x_wconf 88' lang='lat' dir='ltr'><strong>illum,</strong></span> <span class='ocrx_word' id='word_1_235' title='bbox 1454 2157 1497 2201; x_wconf 88' lang='lat' dir='ltr'><strong>id</strong></span> <span class='ocrx_word' id='word_1_236' title='bbox 1523 2156 1634 2212; x_wconf 90' lang='lat' dir='ltr'><strong>quod</strong></span> <span class='ocrx_word' id='word_1_237' title='bbox 1660 2157 1729 2200; x_wconf 89' lang='lat' dir='ltr'><strong>uel</strong></span> <span class='ocrx_word' id='word_1_238' title='bbox 1754 2156 1994 2200; x_wconf 86' lang='lat' dir='ltr'><strong>nobilissimi</strong></span> <span class='ocrx_word' id='word_1_239' title='bbox 2023 2158 2103 2201; x_wconf 92' lang='lat' dir='ltr'><strong>uiri</strong></span> <span class='ocrx_word' id='word_1_240' title='bbox 2136 2159 2342 2203; x_wconf 88' lang='lat' dir='ltr'><strong>interdum</strong></span> <span class='ocrx_word' id='word_1_241' title='bbox 2376 2160 2566 2205; x_wconf 79' lang='lat' dir='ltr'><strong>fecerunt</strong></span> 
     </span>
     <span class='ocr_line' id='line_1_31' title="bbox 150 2225 2564 2280; baseline 0.001 -12"><span class='ocrx_word' id='word_1_242' title='bbox 150 2229 192 2269; x_wconf 90' lang='lat' dir='ltr'><strong>in</strong></span> <span class='ocrx_word' id='word_1_243' title='bbox 216 2227 393 2269; x_wconf 91' lang='lat' dir='ltr'><strong>rhetoris</strong></span> <span class='ocrx_word' id='word_1_244' title='bbox 420 2227 601 2269; x_wconf 88' lang='lat' dir='ltr'><strong>scholam</strong></span> <span class='ocrx_word' id='word_1_245' title='bbox 629 2226 891 2270; x_wconf 77' lang='lat' dir='ltr'><strong>declamatur-i</strong></span> <span class='ocrx_word' id='word_1_246' title='bbox 919 2226 1211 2270; x_wconf 89' lang='lat' dir='ltr'><strong>descendentes</strong></span> <span class='ocrx_word' id='word_1_247' title='bbox 1239 2226 1290 2268; x_wconf 86' lang='lat' dir='ltr'><strong>cf.</strong></span> <span class='ocrx_word' id='word_1_248' title='bbox 1317 2225 1569 2280; x_wconf 78' lang='lat' dir='ltr'><strong>Bernhardy.</strong></span> <span class='ocrx_word' id='word_1_249' title='bbox 1592 2226 1691 2268; x_wconf 80' lang='lat' dir='ltr'><strong>hist.</strong></span> <span class='ocrx_word' id='word_1_250' title='bbox 1720 2226 1793 2268; x_wconf 79' lang='lat' dir='ltr'><strong>litt</strong></span> <span class='ocrx_word' id='word_1_251' title='bbox 1821 2230 1847 2275; x_wconf 67' lang='grc' dir='ltr'><strong>ς</strong></span> <span class='ocrx_word' id='word_1_252' title='bbox 1880 2225 1944 2275; x_wconf 82' lang='grc'><strong>16,</strong></span> <span class='ocrx_word' id='word_1_253' title='bbox 1979 2225 2080 2268; x_wconf 90' lang='lat' dir='ltr'><strong>Suet</strong></span> <span class='ocrx_word' id='word_1_254' title='bbox 2098 2228 2203 2279; x_wconf 78' lang='lat' dir='ltr'><strong>Aug.</strong></span> <span class='ocrx_word' id='word_1_255' title='bbox 2222 2225 2290 2277; x_wconf 82' lang='lat'><strong>89,</strong></span> <span class='ocrx_word' id='word_1_256' title='bbox 2318 2229 2481 2272; x_wconf 85' lang='lat' dir='ltr'><strong>dissert.</strong></span> <span class='ocrx_word' id='word_1_257' title='bbox 2512 2229 2564 2271; x_wconf 90' lang='lat' dir='ltr'><strong>de</strong></span> 
     </span>
     <span class='ocr_line' id='line_1_32' title="bbox 150 2292 2041 2349; baseline -0.001 -14"><span class='ocrx_word' id='word_1_258' title='bbox 150 2293 327 2335; x_wconf 90' lang='lat' dir='ltr'><strong>Latrone</strong></span> <span class='ocrx_word' id='word_1_259' title='bbox 354 2303 395 2346; x_wconf 90' lang='lat' dir='ltr'><strong>p.</strong></span> <span class='ocrx_word' id='word_1_260' title='bbox 427 2292 490 2336; x_wconf 82' lang='lat'><strong>16.</strong></span> <span class='ocrx_word' id='word_1_261' title='bbox 546 2293 624 2337; x_wconf 87' lang='lat' dir='ltr'><strong>Hic</strong></span> <span class='ocrx_word' id='word_1_262' title='bbox 649 2305 752 2337; x_wconf 87' lang='lat' dir='ltr'><strong>uero</strong></span> <span class='ocrx_word' id='word_1_263' title='bbox 781 2304 904 2347; x_wconf 90' lang='lat' dir='ltr'><strong>quam</strong></span> <span class='ocrx_word' id='word_1_264' title='bbox 932 2293 1085 2337; x_wconf 87' lang='lat' dir='ltr'><strong>insulse</strong></span> <span class='ocrx_word' id='word_1_265' title='bbox 1116 2293 1247 2349; x_wconf 77' lang='lat' dir='ltr'><strong>egerit</strong></span> <span class='ocrx_word' id='word_1_266' title='bbox 1273 2294 1356 2336; x_wconf 90' lang='lat' dir='ltr'><strong>iam</strong></span> <span class='ocrx_word' id='word_1_267' title='bbox 1382 2304 1506 2347; x_wconf 83' lang='lat' dir='ltr'><strong>supra</strong></span> <span class='ocrx_word' id='word_1_268' title='bbox 1532 2294 1741 2336; x_wconf 88' lang='lat' dir='ltr'><strong>narratum</strong></span> <span class='ocrx_word' id='word_1_269' title='bbox 1768 2295 1831 2335; x_wconf 84' lang='lat' dir='ltr'><strong>est</strong></span> <span class='ocrx_word' id='word_1_270' title='bbox 1857 2304 1951 2347; x_wconf 78' lang='lat' dir='ltr'><strong>pag.</strong></span> <span class='ocrx_word' id='word_1_271' title='bbox 1978 2292 2041 2335; x_wconf 73' lang='lat'><strong>12.</strong></span> 
     </span>
    </p>
   </div>
  </div>
 </body>
</html>
