2776 3559
1342 113 1406 167 16

1238 167 1503 192 ——L-

341 252 517 299 Videtur
542 257 681 299 autem
709 255 942 309 Argentarii
972 254 1182 309 ingenium
1211 268 1296 298 non
1323 256 1549 297 maximum
1568 254 1709 304 Ῑιιίοοο,
1731 254 2432 308 siqnidem180neoee2uerbaeonu.
2451 250 2577 301 vnn.

141 321 209 364 25.
238 322 293 363 22
323 322 698 377 „Argentarius
727 322 776 364 in
805 331 930 375 quae
957 320 1165 364 solebat
1198 320 1462 364 schemata
1490 319 2114 365 ›minuti-*tractationem
2137 318 2575 367 uiolentissimam

140 390 336 442 fregit“
370 389 602 442 languidam
621 400 869 442 semperque
886 389 1103 442 repetitam
1123 387 1375 429 declamandi
1393 388 1595 430 rationem
1615 383 1967 430 ostendunt-Est
1983 389 2211 433 aum'llla
2234 389 2356 432 lectio
2371 388 2574 439 miani,

141 457 305 498 codices
335 457 524 502 habent,
526 459 773 504 ‚scemata
802 456 950 497 indut
979 467 1003 496 a
1033 455 1376 495 tractatione“
1385 455 1546 501 ,editio
1570 454 1776 505 nipont..
1777 454 2072 501 schemata
2093 456 2575 499 attrectationem&

141 547 197 553 -—
218 521 454 565 Sententiae
477 522 568 563 eius
597 524 640 563 et
667 522 826 563 colores
855 520 1146 574 quinquaginta
1175 520 1264 562 fere
1289 532 1313 562 a
1333 519 1488 562 Seneca
1516 520 1805 573 proferuntur
1823 532 1931 573 quae
1957 521 2039 564 boc
2065 521 2172 563 loce
2184 522 2283 563 nolo
2302 527 2574 600 enumerare:

143 588 320 631 indicata
349 590 447 630 sunt
473 598 496 630 a
524 587 725 630 Bursiano
754 588 795 630 in
824 587 957 630 indice
985 585 1156 629 editioni
1188 585 1362 629 adiecto.
2568 611 2571 615 -

337 653 493 697 Extant
517 658 730 709 praeterea
758 655 924 709 triginta
953 654 1040 696 sere
1068 654 1247 696 carmina
1277 653 1430 696 erotica
1467 652 1713 707 plerumque
1740 654 1973 708 Argentarii
2001 610 2213 698 ciliusdam
2246 655 2381 708 graeci
2413 658 2574 710 poetae,

142 733 246 775 quae
274 733 368 764 cum
398 724 643 776 argumento
671 724 759 763 tum
788 720 919 776 forma
948 723 1123 763 aetatem
1159 720 1323 774 linguae
1356 719 1524 764 Latinae
1563 724 1804 776 argenteam
1843 721 2142 776 significantia
2158 721 2376 777 studiaque
2415 723 2573 767 olentia

141 791 345 832 rhetorica
375 792 517 831 nostro
546 789 697 831 addicit
724 789 915 830 Reiskius
943 789 986 829 in
1015 787 1223 840 antholog.
1252 798 1386 839 graec.
1418 799 1456 829 a.
1485 786 1626 830 Const.
1651 787 1821 842 Cepbal.
1848 788 2000 831 condit.
2038 788 2137 831 libb.
2164 783 2277 843 Lips.¹
2307 788 2426 831 1754.
2452 791 2573 833 notit.

141 859 271 911 poett.
300 869 327 911 p
372 855 465 900 195.
507 855 649 900 Potuit
677 856 843 910 quidem
873 856 941 909 qui
971 855 1014 898 in
1043 854 1309 897 declamando
1338 855 1518 909 linguam
1542 864 1733 909 graecam
1760 857 2056 910 aspernabatur
2082 857 2125 898 in
2153 854 2400 900 carminibus
2427 852 2477 899 'ea
2495 860 2572 908 uti',

140 925 214 967 sed
245 925 277 966 si
307 925 349 966 in
376 924 447 966 illo
491 935 658 978 quoque
691 935 844 977 genere
886 922 1050 965 lusisset
1087 922 1375 975 Argentarius,
1423 922 1586 965 silentio
1637 923 1710 965 uix
1757 923 1985 967 transiisset
2035 922 2190 968 Seneca
2237 923 2571 971 de⁵·rl1'etoribns

141 993 234 1033 talia
270 992 427 1033 reterre
466 992 630 1039 solitus,
678 992 793 1032 uelut
831 991 884 1033 de
920 990 1097 1033 Surdino
1135 992 1178 1031 et
1212 990 1321 1032 Alfio
1356 989 1484 1032 Flauo
1518 1001 1622 1043 quos
1649 989 1774 1044 paulo
1816 989 1931 1032 infra
1961 987 2181 1046 protenta.
2250 991 2314 1035 Is
2332 991 2435 1035 itero
2477 1005 2572 1037 cum

141 1059 370 1114 Argentarii
401 1058 560 1113 poetica
589 1057 721 1101 studia
751 1069 805 1101 ne
830 1058 961 1101 uerbo
990 1057 1156 1111 quidem
1185 1057 1400 1112 significet,
1439 1056 1631 1111 equidem
1669 1068 1754 1100 non
1790 1056 1940 1101 luerim
1977 1058 2161 1103 lacobsio
2194 1058 2401 1144 audacior
2425 1061 2495 1115 qui
2528 1062 2571 1106 in

141 1127 556 1170 commentationibus
584 1126 637 1168 ad
665 1127 875 1181 antholog.
904 1137 1038 1180 graec.
1067 1125 1115 1168 Τ.
1143 1125 1253 1168 Xlll.
1280 1136 1322 1179 p.
1352 1124 1436 1169 860
1463 1125 1660 1168 iudicium
1687 1125 1864 1169 cohibet.
1919 1149 1926 1158 ι

348 1225 464 1269 Alter
499 1223 625 1269 Cestii
675 1223 839 1267 auditor
890 1226 979 1268 erat
1024 1222 1343 1273 Surdinus
1390 1224 1626 1279 ingeniosus
1672 1223 1935 1275 adulescens,
1980 1237 2006 1272 a
2051 1184 2142 1285 quo
2185 1204 2365 1281 Graecae
2410 1226 2572 1286 fabulae

143 1296 353 1347 eleganter
380 1295 422 1335 in
450 1293 623 1335 latinum
649 1303 883 1334 sermonem
913 1303 1139 1334 conuersae
1168 1294 1276 1333 sunt.
1324 1290 1493 1333 Solebat
1520 1292 1555 1333 is
1584 1291 1723 1336 dulces
1741 1285 1963 1335 sententias
1982 1292 2132 1343 dicere,
2160 1293 2415 1353 frequentium
2434 1297 2572 1342 tamen

141 1361 379 1415 praedulces
408 1362 450 1402 et
478 1359 668 1401 infractas
694 1358 763 1406 (cf.
792 1370 899 1400 suas.
928 1358 1014 1401 Vll.
1047 1358 1130 1410 12),
1165 1358 1354 1412 quamuis
1390 1357 1595 1401 interdum
1631 1356 1747 1400 bellis
1780 1358 1969 1402 sensibus
2009 1359 2299 1415 eleganterque
2333 1360 2451 1405 dictis
2486 1375 2571 1406 non

141 1428 320 1471 caruerit
347 1427 463 1470 uelut
490 1431 620 1469 contr.
649 1425 736 1467 Vll.
766 1424 833 1467 20.
863 1425 903 1468 7.
959 1426 1050 1468 Alia
1078 1426 1267 1468 notitiam
1294 1428 1478 1468 nostram
1506 1425 1679 1479 fugiunt.

346 1527 509 1570 Tertius
529 1525 678 1570 deinde
696 1528 1044 1569 commemoratur
1062 1539 1085 1569 a
1115 1524 1269 1569 Seneca
1300 1523 1509 1571 Alfius
1537 1524 1801 1579 Flauus,
1835 1525 1904 1580 qui
1929 1524 2040 1569 idem
2065 1526 2237 1571 fortasse
2262 1529 2369 1572 miro
2394 1515 2570 1585 ,¹,Allegii

141 1596 296 1639 flauii“
324 1597 493 1639 nomine
521 1598 651 1639 contr.
680 1594 710 1637 l.
740 1593 779 1638 3.
808 1594 832 1638 7
863 1595 906 1638 in
934 1595 1000 1639 ed.
1027 1594 1116 1649 Bip.
1145 1594 1367 1644 indicatum
1396 1593 1559 1637 codices
1585 1594 1694 1638 enim
1722 1593 1866 1648 legunt
1897 1594 2089 1645 „Alei·¹.
2141 1594 2242 1639 Erat
2269 1595 2305 1639 is
2332 1596 2571 1641 adulescens

142 1664 332 1717 egregiae
361 1664 509 1706 indolis
538 1666 663 1715 atque
691 1673 785 1703 cum
815 1665 1096 1715 praetextatus
1128 1663 1238 1703 esset
1265 1662 1347 1702 iam
1366 1663 1505 1703 tantae
1523 1661 1740 1715 opinionis,
1769 1663 1816 1703 ut
1838 1661 1992 1717 populo
2010 1661 2199 1706 Romano
2216 1674 2321 1719 puer
2338 1664 2572 1720 eloquentia

142 1734 262 1774 notus
306 1734 441 1780 esset,
485 1730 720 1783 multosque
761 1730 896 1783 ipsum
937 1729 1150 1772 audituros
1193 1729 1299 1772 fama
1341 1741 1416 1771 sua
1457 1729 1500 1771 in
1542 1728 1669 1772 Cestii
1711 1729 1892 1772 scholam
1934 1730 2192 1783 perduceret.
2263 1731 2439 1776 Tantum
2483 1734 2572 1777 eius

143 1798 356 1841 uidebatur
384 1799 609 1852 ingenium,
638 1800 685 1839 ut
713 1796 766 1839 de
794 1808 846 1839 eo
875 1796 1036 1840 Cestius
1065 1808 1230 1851 semper
1247 1798 1290 1838 et
1314 1795 1570 1849 praedicaret
1598 1799 1641 1839 et
1667 1797 1844 1846 timeret,
1871 1808 1959 1840 non
1986 1797 2114 1841 uitale
2141 1798 2184 1841 id
2210 1802 2335 1850 ratus,
2363 1801 2458 1854 quia
2485 1803 2572 1844 tam

144 1867 359 1909 immature
389 1877 583 1919 magnum
614 1866 736 1908 esset.
792 1863 936 1917 Neque
965 1876 1086 1907 causa
1115 1863 1279 1906 carebat
1306 1862 1375 1906 bic
1405 1865 1559 1905 metus:
1583 1862 1833 1907 lasciuiebat
1867 1864 1977 1908 enim
2007 1865 2077 1916 (cf.
2105 1868 2238 1909 contr.
2269 1867 2336 1909 ΙΙΙ.
2368 1868 2432 1910 14.
2461 1867 2500 1922 8)
2530 1872 2573 1911 et

144 1934 278 1974 omnia
308 1933 471 1974 fecisset
499 1932 617 1981 mala,
642 1932 721 1973 nisi
750 1932 945 1973 naturalis
973 1932 1037 1973 uis
1065 1931 1217 1984 ubique
1246 1930 1499 1973 eminuisset.
1545 1929 1607 1973 Ea
1634 1941 1737 1973 uero
1764 1933 1859 1985 post
1886 1931 2039 1988 multps
2067 1943 2197 1976 annos
2224 1934 2385 1977 tametsi
2415 1934 2571 1978 desidia

144 2001 288 2042 obruta
317 2002 359 2042 et
387 1999 634 2042 carminibus
663 2001 857 2041 eneruata
889 1999 1076 2052 uigorem
1105 2001 1245 2040 tamen
1272 2010 1393 2040 suum
1419 1997 1564 2040 tenuit.
1632 1997 1775 2061 ltaque
1802 2010 1913 2061 cum
1925 2001 2138 2060 praeterea
2173 2000 2448 2054 eloquentiam
2482 2004 2571 2045 eius

143 2078 305 2118 semper
333 2066 643 2108 commendaret
669 2066 803 2117 aliqua
829 2076 898 2107 res
927 2068 1043 2106 extra
1072 2065 1363 2117 eloquentiam,
1401 2064 1441 2105 in
1475 2076 1606 2117 puero
1639 2057 1793 2107 scilieet
1810 2054 2075 2108 lenednium
2109 2066 2262 2120 ingenii
2301 2071 2413 2111 aetas
2448 2072 2571 2118 esset,

121 2131 186 2183 ,in
220 2134 368 2175 iuuene
403 2131 580 2181 desidia,
623 2134 737 2175 tanto
774 2131 989 2175 bominum
1026 2143 1229 2175 concursu
1271 2130 1540 2181 audiebatur,
1581 2134 1629 2174 ut
1668 2143 1765 2175 raro
1806 2135 1902 2186 post
1937 2132 2052 2176 illum
2084 2133 2256 2177 auderet
2287 2134 2450 2180 Cestius
2482 2137 2572 2191 ipse

143 2201 295 2243 dicere.
348 2199 539 2244 Studiose
567 2200 733 2244 uidetur
766 2202 909 2256 poetas
947 2200 1095 2256 legisse
1134 2210 1289 2254 eosque
1323 2199 1365 2242 in
1401 2198 1762 2244 declamationibus
1796 2199 1979 2245 imitatus
2013 2212 2104 2261 esse
2137 2200 2254 2246 uelut
2289 2202 2331 2247 in
2367 2205 2572 2259 excerptis

142 2273 275 2310 contr.
318 2269 385 2309 lll.
428 2270 467 2310 7.
511 2269 565 2317 3,
617 2270 729 2322 quod
772 2269 939 2323 quidem
982 2280 1067 2310 non
1110 2268 1261 2309 mirum
1303 2268 1345 2309 in
1386 2268 1478 2309 uiro
1539 2268 1609 2321 qui
1652 2268 1742 2321 ipse
1783 2268 1826 2310 in
1864 2267 1956 2310 illo
1979 2277 2132 2323 genere
2176 2273 2397 2325 occupatus
2440 2273 2572 2315 otium

141 2336 353 2388 transegit.

351 2401 539 2445 Carmina
567 2403 677 2445 enim
705 2403 874 2445 tinxisse
901 2402 1054 2444 Allium
1084 2400 1239 2444 Seneca
1277 2400 1539 2443 testificatur:
1577 2400 1650 2443 sed
1686 2400 1819 2454 qualia
1859 2401 2011 2445 suerint
2033 2403 2288 2457 ignoramus.
2351 2405 2571 2448 Probabile

142 2472 279 2512 autem
300 2468 464 2511 uidetur
482 2469 628 2512 Vossio
649 2469 701 2512 de
719 2472 831 2523 poet.
852 2469 919 2512 lat.
939 2481 979 2523 p.
1000 2468 1054 2512 39
1074 2468 1253 2511 eundem
1280 2479 1372 2510 esse
1393 2465 1519 2511 Cestii
1539 2467 1770 2510 auditorem
1798 2471 1924 2522 atque
1942 2468 2140 2512 Alfium
2165 2471 2372 2514 Auitum
2397 2467 2570 2526 Augusti

144 2540 184 2577 et
226 2536 380 2578 Tiberii
423 2536 660 2588 aequalem,
708 2537 777 2590 qui
826 2536 1003 2578 dimetro
1048 2536 1224 2577 iambico
1270 2534 1478 2588 plusculos
1525 2534 1652 2576 libros
1699 2535 1862 2589 scripsit
1908 2534 2196 2580 excellentium
2237 2538 2436 2581 uirorum*
2461 2541 2570 2584 teste

143 2603 391 2646 Terentiano
419 2602 566 2645 Mauro
599 2615 641 2645 u.
680 2603 788 2646 2447
827 2603 892 2646 ed.
928 2602 1178 2646 Lachmanni
1214 2602 1264 2645 ct'.
1300 2600 1559 2644 Wernsdort'.
1595 2603 1706 2656 poet.
1744 2598 1815 2644 lat.
1847 2601 1947 2645 min.
1968 2601 2052 2645 m.
2088 2593 2230 2648 XXXI
2257 2605 2384 2659 praef.
2411 2604 2569 2649 Eadem

143 2674 206 2711 est
241 2671 441 2712 sententia
478 2669 642 2712 Henrici
676 2670 827 2712 Valesii
864 2671 906 2712 in
941 2671 1049 2713 notis
1084 2669 1136 2712 ad
1171 2680 1260 2712 exc.
1294 2668 1408 2712 Cass.
1445 2668 1568 2711 Dion.
1604 2680 1646 2722 p.
1684 2666 1758 2717 823
1791 2668 1912 2712 aliter
1945 2679 2050 2711 uero
2086 2668 2369 2715 lachmannus
2404 2672 2571 2716 uidetur

141 2740 334 2785 statuere,
363 2748 458 2779 cum
486 2737 625 2778 scribit
652 2738 692 2779 in
721 2737 973 2792 praefatione
1001 2737 1053 2779 ad
1082 2737 1249 2779 Terent.
1276 2735 1469 2778 Maurum
1496 2747 1538 2790 p.
1566 2735 1680 2778 xllx
1715 2733 1887 2784 „Dicit
1912 2738 2080 2779 autem
2108 2732 2458 2783 Terentianus
2485 2742 2567 2784 sui

142 2805 391 2856 temporis
420 2807 614 2858 poetam
644 2805 834 2846 Alfium
864 2805 1098 2846 Auitum“
1128 2804 1154 2845 i.
1182 2815 1220 2845 e.
1248 2803 1438 2845 exeuntis
1473 2802 1625 2845 saeculi
1659 2803 1754 2856 post
1787 2800 1996 2845 Christum
2026 2805 2168 2848 natum
2202 2806 2325 2850 tertii.
2396 2798 2573 2864 Recepit⁴

141 2871 254 2914 enim
302 2872 343 2913 in
390 2884 559 2914 uersum
609 2870 715 2913 2451
778 2872 1132 2921 „conscribit“
1193 2874 1398 2914 uetustam
1452 2871 1706 2914 Venetorum
1761 2870 1981 2913 lectionem
2034 2873 2186 2916 reiecta
2242 2875 2404 2929 uulgata
2459 2887 2567 2931 quae

141 2940 267 2981 habet
316 2939 716 2993 „conscripsit“.
790 2942 843 2980 At
887 2939 1115 2992 praesentis
1169 2939 1366 2992 temporis
1421 2939 1552 2981 forma
1604 2949 1706 2981 num
1762 2937 1937 2980 sufficiat
1985 2950 2038 2981 ex
2084 2952 2163 2993 qua
2209 2941 2296 2984 sola
2326 2939 2423 2985 *tale
2468 2940 2566 2997 quid
2644 2958 2647 2962 ·

140 3005 410 3051 concludatur
458 3006 649 3059 equidem
692 3005 988 3055 dubitauerimz
1032 3006 1167 3059 potuit
1206 3006 1476 3049 Terentianus
1518 3017 1566 3049 ea
1612 3005 1672 3047 uti
1716 3004 1783 3047 uel
1826 3005 1881 3048 de
1919 3005 2087 3050 bomine
2126 3008 2221 3051 iam*
2250 3008 2320 3052 diu
2360 3010 2567 3062 destincte,

142 3075 257 3116 cuius
305 3072 432 3115 libros
478 3084 609 3126 usque
657 3085 709 3115 eo
756 3075 940 3116 seruatos
986 3073 1175 3115 manibus
1219 3074 1496 3127 peruolueret.
1565 3072 1658 3115 Non
1693 3072 1819 3125 igitur
1851 3072 2000 3116 refellit
2033 3075 2113 3118 uir*
2133 3076 2392 3120 doctissimus
2430 3077 2566 3121 vossii

142 3142 380 3194 opinionem
399 3170 412 3189 ,
469 3150 574 3192 quae
625 3141 721 3184 licet
774 3139 897 3183 certis
948 3141 1082 3182 careat
1137 3137 1387 3193 argumentis
1465 3138 1642 3182 tenenda
1700 3141 1839 3181 tamen
1898 3139 2093 3191 uidetur,
2159 3142 2290 3186 donec
2351 3141 2430 3186 alia
2487 3142 2567 3187 erit

141 3207 299 3261 prolata
323 3205 590 3262 probabilior.
