2776 3559
1356 736 1399 796 1.

938 880 1115 958 De
1162 878 1495 959 Cestii
1538 879 1807 959 ulta.

365 1103 552 1156 Appellat
586 1101 739 1146 Seneca
776 1115 871 1145 eum
907 1104 959 1146 de
993 1117 1076 1158 quo
1111 1106 1324 1149 scribimus
1359 1106 1426 1147 uel
1463 1118 1546 1150 uno
1583 1105 1750 1147 nomine
1785 1103 2005 1148 Cestium
2055 1105 2120 1147 uel
2162 1106 2320 1147 duobus
2354 1106 2576 1149 Cestium

168 1169 324 1219 Pium;
344 1171 413 1224 qui
431 1173 644 1225 praeterea
673 1174 997 1213 commemorant
1015 1171 1290 1224 Quintilianus
1319 1174 1413 1215 inst.
1433 1175 1534 1215 orat.
1553 1171 1607 1215 X.
1627 1172 1667 1214 5.
1685 1172 1741 1215 20
1761 1175 1803 1214 et
1826 1172 2100 1227 Hieronymus
2124 1172 2166 1214 in
2191 1172 2357 1215 Eusebii
2385 1174 2578 1217 chronico

166 1238 219 1280 ad
248 1236 313 1280 Ol.
344 1237 418 1281 191
450 1238 698 1292 gentilicium
725 1238 859 1281 solum
887 1238 1050 1282 habent.
1083 1240 1198 1283 Alius
1226 1241 1318 1284 fons
1344 1251 1429 1283 non
1462 1242 1609 1283 restat:
1652 1251 1758 1293 quae
1790 1239 1899 1282 enim
1933 1237 2152 1282 Suetonius
2185 1238 2237 1282 de
2274 1250 2324 1282 eo
2362 1241 2579 1284 rettulerat

167 1307 211 1348 in
239 1306 343 1348 libro
372 1306 424 1348 de
451 1306 570 1348 claris
601 1306 835 1349 rhetoribus
864 1306 1074 1361 deperdita
1104 1311 1201 1351 sunt
1227 1309 1362 1351 omnia
1381 1310 1545 1363 praeter
1562 1318 1714 1350 nomen
1739 1307 1782 1350 in
1800 1306 1984 1360 catalogo
2003 1306 2226 1355 seruatum,
2245 1307 2354 1361 quod
2373 1308 2577 1361 integrum

166 1372 221 1415 ibi
249 1375 375 1416 restat
402 1372 588 1416 Lucius
617 1372 822 1418 Cestius
851 1373 969 1417 Pius
999 1374 1049 1418 cf.
1078 1375 1142 1418 ed.
1171 1375 1366 1419 Wolfian.
1394 1387 1435 1430 p.
1463 1374 1531 1418 29.

362 1440 501 1482 Homo
527 1439 687 1484 Cestius
715 1443 804 1484 erat
831 1452 979 1496 graeco
1007 1452 1158 1496 genere
1187 1442 1383 1485 oriundus
1412 1440 1475 1498 (cf.
1503 1440 1599 1485 Sen.
1619 1443 1749 1484 contr.
1767 1439 1871 1483 vlu.
1889 1438 1957 1482 26.
1980 1438 2046 1496 13)
2072 1443 2114 1482 et
2141 1439 2306 1495 quidem
2325 1439 2577 1496 Hieronymo

165 1511 270 1549 teste
297 1508 562 1561 Smyrnaeus:
591 1509 643 1550 de
669 1510 906 1561 parentibus
938 1520 1040 1550 uero
1069 1510 1170 1551 nihil
1197 1510 1384 1551 traditur.
1425 1509 1529 1551 Nam
1558 1510 1627 1561 qui
1655 1511 2000 1551 commemoratur
2026 1509 2070 1549 in
2097 1508 2304 1549 ueteribus
2332 1509 2577 1550 editionibus

164 1576 295 1616 contr.
314 1574 363 1615 H.
386 1575 449 1617 14.
469 1574 496 1616 6
542 1573 724 1623 „Cestius
752 1574 915 1624 Pater“,
944 1578 1103 1628 patrem
1131 1576 1256 1618 fuisse
1287 1576 1465 1618 rhetoris
1499 1586 1583 1617 non
1618 1577 1681 1616 est
1713 1574 1822 1616 unde
1855 1573 2164 1627 comprobetur:
2200 1574 2326 1615 immo
2361 1574 2475 1616 locus
2508 1575 2577 1616 ille

165 1640 274 1693 quod
303 1641 447 1684 unicus
475 1643 640 1686 estnon
667 1644 787 1685 uacat
814 1641 1058 1697 suspicione.
1104 1643 1279 1687 Videtur
1297 1641 1458 1688 Cestius
1476 1642 1599 1687 Pater
1617 1641 1755 1686 nullus
1773 1651 1863 1684 esse
1882 1639 1956 1684 sed
1975 1640 2174 1684 librorum
2199 1643 2313 1684 ortus
2332 1642 2575 1696 corruptela,

165 1719 287 1760 quam
313 1709 452 1750 nescio
481 1721 533 1751 an
561 1721 614 1751 ex
650 1711 944 1764 Antuerpensis
972 1711 1123 1753 codicis
1152 1711 1351 1765 scriptura
1383 1710 1616 1761 „Cestius
1644 1711 1786 1764 pater
1813 1712 1953 1764 pater
1989 1709 2177 1762 patris“
2218 1712 2329 1751 recte
2371 1711 2577 1752 sanauerit

163 1773 381 1818 Bursianus
415 1777 719 1819 recentissimus
751 1778 883 1820 editor
929 1779 1132 1821 coniciens
1165 1778 1390 1829 „Cestius
1432 1791 1455 1820 a
1498 1780 1637 1832 parte
1679 1776 1873 1830 patrisf·
1920 1775 2040 1819 Hunc
2066 1776 2190 1830 igitur
2231 1777 2364 1819 uirum
2406 1778 2574 1819 missum

164 1841 368 1885 faciamus.
1969 1856 1972 1860 ·

356 1912 392 1954 E
419 1914 587 1954 nomine
615 1916 753 1956 tamen
781 1914 815 1955 si
843 1913 938 1956 licet
964 1914 1117 1966 aliquid
1146 1914 1198 1955 de
1225 1913 1383 1966 origine
1412 1913 1612 1961 conicere,
1636 1912 1737 1954 haec
1753 1913 2052 1965 proposuerim.
2121 1912 2339 1966 Insignitas
2362 1916 2425 1955 est
2444 1915 2573 1965 gentis

162 1976 368 2020 Romanae
393 1979 560 2020 nomine
585 1978 711 2021 homo
738 1980 940 2022 Asiaticus
969 1982 1039 2034 qui
1067 1981 1109 2022 in
1137 1981 1409 2035 grammaticis
1445 1983 1488 2022 et
1521 1979 1736 2022 rhetoricis
1771 1977 1914 2021 studiis
1945 1990 2147 2021 summam
2184 1990 2351 2033 operam
2386 1981 2574 2027 minabat.

165 2046 233 2097 qui
260 2046 347 2098 ipse
373 2047 537 2089 scholae
564 2048 739 2100 praefuit
765 2048 1005 2090 rhetoricae.
1059 2048 1161 2090 Erat
1187 2060 1289 2090 uero
1317 2048 1359 2090 id
1388 2060 1535 2089 munus
1570 2046 1681 2099 quod
1712 2045 1780 2088 illa
1815 2049 1967 2095 aetate,
2009 2059 2089 2099 qua
2122 2047 2202 2089 ciui
2236 2046 2420 2089 Romano
2452 2051 2574 2099 turpe

164 2114 252 2153 erat
280 2112 426 2155 docere
454 2125 560 2167 quae
587 2113 807 2156 honestum
834 2117 922 2156 erat
950 2114 1107 2157 discere
1135 2113 1198 2170 (cf.
1217 2114 1312 2158 Sen.
1341 2117 1468 2157 contr.
1496 2113 1545 2155 ss.
1573 2112 1699 2168 praef.
1731 2111 1808 2168 15),
1836 2125 1860 2155 a
1879 2112 2034 2155 libertis
2052 2112 2191 2156 multis
2216 2115 2258 2155 et
2281 2125 2428 2168 magno
2449 2125 2576 2168 opere

164 2183 432 2231 appeteretur.
473 2181 582 2222 Intra
611 2192 683 2223 eos
712 2183 1001 2234 praeceptores
1029 2182 1328 2235 pulcherrimae
1356 2182 1454 2223 artis
1486 2181 1802 2223 continebantur
1830 2179 1893 2234 (cf.
1922 2178 2017 2222 Sen.
2047 2181 2073 2221 l.
2102 2180 2128 2221 l.
2157 2179 2311 2221 Bonell.
2339 2180 2391 2221 de
2419 2183 2573 2222 mutata

161 2245 239 2287 sub
265 2248 403 2299 primis
425 2247 666 2297 Caesaribus
695 2248 802 2301 eloq.
817 2248 936 2291 Rom.
966 2249 1205 2292 condicione
1233 2249 1365 2291 Berol.
1397 2247 1503 2292 1836
1530 2259 1571 2301 p.
1604 2247 1654 2289 14
1688 2250 1731 2289 et
1767 2245 1850 2300 15),
1890 2258 1915 2289 a
1943 2247 2090 2299 quibus
2124 2258 2230 2299 quae
2267 2250 2308 2289 et
2344 2250 2494 2299 quanta
2532 2248 2574 2289 in

161 2311 228 2355 illa
256 2316 344 2355 arte
371 2314 573 2357 elaborata
602 2315 703 2364 sint,
760 2315 1007 2359 documento
1030 2318 1094 2359 est
1119 2316 1296 2359 maxime
1323 2315 1491 2358 Verrius
1520 2314 1687 2358 Flaccus
1717 2312 1807 2358 Gaii
1843 2316 1886 2356 et
1918 2312 2032 2356 Lucii
2061 2311 2281 2357 Caesarum
2314 2316 2569 2367 praeceptor,

162 2390 285 2431 quem
312 2380 438 2421 instar
465 2382 646 2423 omnium
675 2382 795 2423 liceat
824 2382 1022 2434 proferre.
1086 2382 1179 2433 Qua
1213 2383 1265 2424 de
1296 2394 1342 2424 re
1382 2383 1423 2424 in
1464 2393 1610 2435 magna
1647 2380 1724 2422 hac
1756 2380 1997 2422 libertorum
2032 2391 2156 2421 manu
2189 2382 2376 2422 nostrum
2410 2391 2572 2432 quoque

162 2446 460 2489 numerandum
488 2460 575 2491 esse
603 2461 627 2491 a
652 2461 754 2491 uero
781 2462 865 2492 non
890 2449 1010 2505 nimis
1039 2450 1182 2493 aberit.

360 2513 483 2568 Quod
510 2516 543 2559 si
570 2516 625 2560 ita
654 2519 729 2567 est,
759 2527 853 2561 cum
881 2516 962 2561 iam
991 2517 1082 2572 quis
1113 2516 1396 2561 manumiserit
1424 2515 1645 2572 quaeritur,
1673 2514 1823 2559 Lucius
1848 2513 2015 2570 quidam
2034 2511 2193 2559 Cestius
2214 2513 2388 2559 rhetoris
2406 2515 2573 2559 nomine

162 2583 401 2623 ostenditur.
469 2582 664 2624 Nouimus
699 2596 800 2625 uero
834 2585 937 2625 duos
972 2586 1092 2626 huius
1126 2586 1302 2626 nominis
1341 2585 1473 2625 uiros:
1504 2584 1678 2625 alterum
1708 2585 1880 2635 patrem,
1914 2582 2089 2623 alterum
2124 2583 2290 2624 fratrem
2325 2581 2412 2624 Gaii
2446 2582 2571 2624 Cestii

160 2651 359 2702 praetoris
380 2650 532 2692 tribuni
550 2651 677 2703 plebis
696 2653 933 2704 septemuiri
953 2653 1188 2705 epulonum,
1209 2653 1323 2695 cuius
1342 2652 1585 2694 memoriam
1603 2653 1917 2693 monumentum
1937 2649 2017 2692 huc
2035 2662 2165 2702 usque
2183 2650 2340 2693 Romae
2363 2653 2571 2693 seruatum

162 2717 203 2759 in
218 2715 450 2771 longissima
467 2718 654 2771 tempora
669 2717 880 2772 protrahet
894 2718 944 2763 cf.
959 2719 1010 2763 de
1026 2731 1075 2764 eo
1096 2719 1224 2775 Pauly
1245 2718 1410 2773 Encycl.
1430 2721 1530 2761 tom.
1551 2717 1600 2761 ll.
1619 2730 1660 2773 p.
1679 2714 1774 2761 289.
1796 2718 1837 2761 et
1852 2716 1904 2761 de
1923 2715 2010 2759 eius
2029 2716 2239 2772 pyramide
2258 2716 2572 2772 descriptionem

161 2784 273 2825 urbis
292 2784 446 2826 Romae
466 2785 530 2825 ed.
558 2785 734 2834 Platner‚
763 2785 926 2828 Bunsen
955 2790 1030 2829 cet.
1059 2787 1158 2829 tom.
1186 2788 1235 2829 ll.
1264 2799 1303 2841 p.
1334 2785 1553 2828 435—39.
1611 2785 1674 2827 De
1702 2786 1818 2838 patre
1853 2782 1954 2826 nihil
1983 2782 2179 2826 habemus
2208 2784 2417 2832 traditum;
2447 2784 2572 2826 frater

160 2862 275 2896 uero.
305 2853 417 2892 cuius
444 2863 597 2893 nomen
626 2853 669 2892 in
692 2855 866 2895 nummis
895 2856 1156 2896 coniunctum
1184 2864 1278 2896 cum
1307 2854 1353 2897 C.
1381 2853 1561 2896 Norbani
1597 2853 1764 2894 nomine
1797 2851 1943 2893 additis
1972 2852 2116 2892 litteris
2153 2851 2226 2893 PR
2255 2852 2481 2904 insignitur,
2517 2862 2571 2892 ex

158 2918 444 2971 Hauercampii
472 2920 666 2972 opinione
694 2920 736 2960 in
756 2919 963 2962 Thesauro
982 2921 1159 2963 Morellii
1187 2934 1292 2963 unus
1322 2925 1410 2963 erat
1439 2933 1512 2963 sex
1540 2920 1608 2961 uel
1638 2923 1732 2961 octo
1760 2918 2072 2971 praefectorum,
2102 2931 2203 2970 quos
2224 2919 2373 2962 Caesar
2392 2922 2570 2960 exeunte

157 2998 265 3029 anno
295 2983 377 3029 758
405 2998 445 3027 u.
475 2997 507 3028 c.
536 2988 677 3029 contra
706 2985 891 3040 Pompeii
920 2988 1024 3031 filios
1054 2989 1096 3031 in
1124 2988 1360 3042 Hispaniam
1388 2988 1595 3042 profectus
1623 2986 1783 3029 Romae
1812 2985 1978 3038 reliquit
2004 2984 2053 3028 cf.
2085 2984 2163 3029 Dio
2189 2984 2301 3030 Cass
2329 2984 2471 3029 XLlll.
2498 2983 2566 3034 28,

156 3052 311 3095 Eckhel
340 3052 469 3094 doctr.
497 3064 649 3094 numm.
681 3055 764 3094 uet.
793 3055 893 3094 tom.
920 3053 968 3096 V.
996 3066 1036 3109 p.
1067 3053 1158 3106 169,
1186 3054 1312 3110 Pauly
1340 3054 1368 3096 l.
1396 3054 1422 3096 l.
1479 3053 1640 3096 Horum
1669 3052 1825 3095 uteruis
1854 3062 2020 3094 seruum
2054 3051 2288 3095 manumisit
2318 3051 2360 3095 in
2393 3051 2570 3096 nominis

158 3122 490 3162 communionem
519 3120 708 3161 libertum
737 3122 904 3172 recepit.
960 3121 1130 3163 Videtur
1156 3125 1292 3163 autem
1322 3122 1402 3163 hoc
1429 3123 1471 3163 in
1498 3121 1545 3161 L.
1575 3120 1757 3162 Cestium
1787 3120 1916 3161 filium
1944 3120 2107 3167 cadere,
2142 3121 2175 3161 si
2212 3120 2374 3172 quidem
2409 3119 2569 3162 Cestius

159 3187 315 3237 rhetor,
345 3188 386 3230 id
419 3187 529 3240 quod
558 3187 679 3239 paulo
708 3187 810 3230 infra
839 3188 992 3229 calculo
1019 3190 1203 3231 instituto
1234 3189 1625 3236 demonstrabimus,
1655 3188 1759 3229 circa
1791 3199 1941 3230 annum
1971 3187 2053 3229 705
2081 3199 2121 3229 u.
2149 3199 2182 3229 c.
2211 3191 2329 3231 natus
2358 3192 2432 3229 est.
