2776 3559
1373 106 1408 155 6

183 242 307 286 altera
336 241 445 297 apud
474 241 621 286 Mutat.
655 239 773 287 1368.
802 240 829 285 9

1279 310 1331 352 l).
1386 311 1443 353 M.

1006 374 1201 421 chlAE
1230 375 1564 421 REDEMPTAE
1599 336 1749 422 Vle'l'

758 442 916 488 ANNIS
945 442 1161 487 XXXXV.
1200 443 1250 487 N.
1280 443 1551 489 CASSICWS
1582 442 1833 489 Puossnvs
1859 444 2016 492 FECIT

883 509 1108 552 CONIVGI
1160 510 1547 552 BENEMERENTI
1609 511 1726 553 CVM
1781 510 1897 562 QVA

878 576 1029 618 VleT
1056 577 1180 619 ANN.
1208 578 1426 619 xxxvlu
1453 578 1524 619 ET
1558 576 1798 620 LIBERTIS
1826 581 1904 619 cet.

183 643 232 685 cs.
266 640 445 684 Orellius
490 642 610 684 inscr.
644 642 674 683 l.
710 654 750 696 p.
778 641 860 685 464
895 646 938 685 et
965 643 1061 693 465,
1106 644 1179 687 sed
1214 645 1373 687 etiamsi
1416 644 1677 688 concedimus
1717 656 1912 688 numeros
1948 656 2039 688 nou
2082 656 2173 687 esse
2200 648 2412 700 corruptos
2427 675 2439 698 ,
2481 646 2583 691 haec

181 716 318 752 tamen
356 713 452 753 ante
485 709 696 752 Iustiniani
732 713 844 753 certe
881 711 1060 754 edictum
1089 712 1171 762 (cs.
1205 713 1332 755 instit.
1362 713 1391 754 1.
1425 712 1491 754 22.
1520 724 1583 766 pr.
1610 712 1797 767 Paulyl.
1828 711 1908 756 195
1933 711 2011 755 sub
2042 723 2148 755 uoce
2185 715 2372 765 „aetas‘)
2404 719 2586 759 monstra

181 778 376 819 uidentur
403 788 508 829 quae
537 788 612 831 par
640 780 703 820 est
728 778 859 821 uitare
874 808 886 827 ,
914 779 984 821 ubi
1012 779 1216 834 refugium
1243 782 1384 824 restat.
1439 780 1531 822 Hoc
1557 791 1659 822 uero
1687 780 1823 823 inesse
1850 782 1951 834 puto
1986 780 2030 822 in
2056 791 2163 824 uoce
2190 783 2254 824 ut.
2309 781 2446 825 Verba
2474 784 2584 827 enim

184 849 260 893 „ut
287 847 658 898 praetextatus⁴⁶
689 845 817 887 relata
845 845 897 892 ad
925 846 1055 888 solam
1083 859 1230 889 uocem
1260 847 1646 895 declamauerat‚
1675 850 1963 900 praeterquam
1999 847 2109 899 quod
2137 847 2275 890 addita
2303 850 2500 906 particula
2543 855 2591 892 ut

179 913 451 967 suspicionem
480 914 641 961 mouet,
670 915 897 966 prouocaut
930 912 1041 956 illam
1069 913 1369 965 difficultatem,
1403 914 1532 957 relata
1559 913 1612 958 ad
1646 926 1794 957 uocem
1830 926 1983 969 gener
2014 913 2163 957 tollunt
2197 915 2440 970 explicantia
2476 917 2589 972 quod

180 982 220 1022 in
249 980 380 1021 uerbo
419 979 488 1021 illo
523 980 761 1022 insolentius
796 980 949 1024 dictum
988 985 1063 1024 est.
1131 982 1221 1025 Hoc
1258 983 1368 1024 enim
1403 982 1528 1025 modo
1563 992 1656 1024 cum
1691 982 2029 1035 interpretamur,
2067 993 2194 1036 gener
2235 982 2454 1026 exhibetur
2485 983 2590 1033 talis,

179 1047 310 1099 qualis
338 1049 615 1099 praetextatus
652 1059 743 1089 esse
777 1051 929 1100 potest,
964 1049 1005 1089 id
1035 1052 1098 1090 est
1121 1061 1311 1101 sponsus.
1374 1049 1412 1090 ls
1440 1061 1544 1091 uero
1572 1049 1606 1090 si
1643 1049 1736 1097 t'uit,
1771 1060 1846 1090 cur
1886 1048 2043 1090 addidit
2075 1047 2229 1091 Seneca
2257 1061 2405 1091 uocem
2439 1052 2592 1093 tunc?

178 1114 381 1156 Videlicet
407 1125 496 1155 rem
524 1113 754 1167 significans
781 1125 886 1166 quae
913 1115 989 1156 sibi
1023 1126 1106 1157 non
1135 1116 1334 1163 constitit,
1378 1117 1505 1158 immo
1534 1115 1722 1168 sequenti
1759 1117 1949 1169 tempore
1989 1115 2146 1158 sublata
2182 1117 2307 1169 atque
2339 1119 2589 1159 commutata

179 1186 253 1223 est.
310 1181 424 1222 Tunc
454 1179 684 1223 Germanici
720 1193 848 1233 gener
885 1181 1046 1223 futurus
1080 1186 1169 1224 erat
1199 1182 1440 1234 Quintilius,
1474 1195 1573 1224 mox
1601 1183 1644 1224 in
1672 1183 1922 1225 contrarium
1949 1195 2016 1225 res
2044 1183 2207 1232 cecidit,
2248 1184 2450 1237 sponsalia
2480 1186 2589 1227 enim

178 1249 343 1302 nuptiae
371 1260 454 1290 non
482 1250 578 1290 sunt
614 1250 790 1290 secutae.
861 1247 1043 1302 Sponsus
1079 1249 1156 1292 suit
1190 1249 1421 1293 Germanici
1458 1249 1586 1299 tiliae,
1625 1249 1698 1293 sed
1731 1249 1968 1304 priusquam
2001 1250 2045 1292 in
2079 1250 2385 1293 matrimonium
2422 1250 2591 1294 duceret

179 1329 269 1358 eam
296 1316 472 1368 reliquit.
515 1314 634 1367 Quae
656 1316 690 1357 si
718 1319 831 1357 recte
850 1316 1053 1370 disputata
1078 1320 1185 1366 sunt,
1215 1329 1299 1359 non
1326 1318 1477 1359 mirum
1507 1317 1617 1370 quod
1645 1318 1774 1359 resin
1802 1318 1964 1359 irritum
1993 1317 2167 1359 deducta
2194 1329 2218 1359 a
2245 1317 2357 1359 nullo
2390 1319 2590 1372 scriptore

177 1386 536 1425 commemoratur.
607 1383 751 1435 Neque
787 1384 894 1425 tollit
922 1385 1025 1426 banc
1059 1386 1455 1438 argumentationem
1499 1385 1757 1428 Coroebus
1798 1380 2065 1438 Mygdohis
2108 1385 2267 1433 filius,
2305 1388 2373 1438 qui
2403 1387 2589 1438 quamuis

177 1462 352 1504 sponsus
382 1452 491 1492 esset
518 1448 783 1499 Cassandrae,
812 1462 836 1492 a
859 1450 1041 1505 Vergilio
1061 1454 1163 1495 Aen.
1192 1452 1240 1494 ll.
1270 1451 1352 1495 344
1381 1463 1510 1506 gener
1537 1452 1686 1495 dicitur
1715 1451 1782 1500 (cs.
1812 1452 1916 1505 eleg.
1943 1451 1997 1494 ad
2015 1451 2193 1495 Messall.
2222 1451 2311 1505 31);
2341 1452 2453 1505 quod
2482 1453 2590 1495 enim

178 1519 291 1559 licuit
319 1520 466 1571 poetae
495 1518 536 1558 in
564 1520 752 1559 nostrum
782 1518 915 1560 locum
945 1531 1028 1560 non
1057 1519 1242 1572 quadrat.
1271 1543 1325 1549 —
1360 1518 1443 1562 Sed
1471 1522 1564 1562 utut
1591 1532 1659 1562 res
1688 1520 1782 1568 fuit,
1811 1519 2005 1561 accidisse
2034 1530 2124 1561 eam
2153 1519 2391 1573 priusquam
2419 1517 2589 1562 Claudia

178 1585 352 1627 Pulchra
381 1584 566 1636 Quintilii
594 1587 726 1627 mater
753 1596 776 1626 a
805 1585 988 1628 Domitio
1016 1586 1117 1628 Afro
1156 1587 1432 1641 impudicitiae
1460 1587 1648 1630 adulterii
1677 1586 1972 1629 ueneficiorum
2000 1586 2043 1628 in
2078 1577 2303 1640 principem
2332 1588 2375 1628 et
2402 1586 2589 1629 deuotio-

177 1664 275 1693 num
305 1652 593 1704 postularetur,
621 1653 663 1693 id
692 1653 803 1705 quod
833 1653 997 1694 Tacitus
1034 1657 1173 1695 narrat
1201 1666 1295 1695 ann.
1324 1655 1410 1695 1111.
1439 1654 1514 1702 52,
1552 1655 1585 1695 si
1621 1653 1905 1707 Nipperdeyus
1936 1656 2050 1695 recte
2078 1653 2305 1701 contendit,
2333 1653 2466 1694 Varus
2494 1656 2589 1694 ante

176 1731 327 1761 annum
357 1718 440 1761 770
459 1730 499 1761 u.
520 1730 555 1761 c.
580 1719 919 1763 declamationem
948 1721 1059 1764 illam
1089 1722 1160 1763 uix
1189 1721 1389 1764 habuerit.
1447 1721 1511 1764 Ad
1539 1721 1649 1763 hunc
1678 1721 1801 1774 igitur
1827 1731 1981 1763 annum
2008 1718 2169 1764 Cestius
2196 1720 2325 1762 uitam
2352 1719 2591 1773 perduxerit

177 1799 343 1828 necesse
373 1790 452 1828 est:
481 1787 588 1829 ultra
617 1789 788 1841 uestigia
821 1788 981 1829 desunt.

313 1853 394 1896 Sed
424 1854 525 1895 hacc
554 1855 750 1896 hactenus
778 1855 830 1896 de
850 1855 976 1897 Cestii
1001 1858 1153 1904 aetate,
1183 1856 1262 1896 iam
1282 1855 1334 1895 ad
1353 1866 1401 1896 ea
1428 1853 1699 1907 procedamus
1728 1865 1833 1907 quae
1853 1854 1906 1895 de
1933 1854 2041 1895 eius
2069 1854 2175 1894 uita
2204 1853 2350 1895 tradita
2379 1853 2590 1895 habemus.

179 1922 301 1962 Natus
334 1924 423 1962 erat
451 1919 650 1974 Smyrnae
678 1925 777 1964 tunc
806 1923 1003 1975 temporis
1032 1922 1290 1974 eloquentiae
1320 1924 1362 1963 et
1389 1922 1486 1963 artis
1523 1920 1753 1963 rhetoricae
1782 1921 1825 1962 in
1859 1921 1956 1963 Asia
1984 1920 2176 1974 primaria
2212 1920 2309 1962 sede
2355 1920 2406 1962 cf.
2439 1920 2590 1962 Euseb.

179 1989 313 2030 chron.
345 1988 370 2029 l.
399 1988 425 2029 l.
502 1989 560 2030 lbi
601 1988 801 2031 elementa
847 1989 1110 2043 grammatica
1145 1988 1337 2030 edoctum
1375 1991 1505 2030 artem
1555 1999 1650 2030 eum
1687 1988 1935 2031 rhetoricam
1967 1987 2200 2042 percepisse
2235 1988 2268 2029 si
2293 1999 2316 2029 a
2344 1998 2446 2029 uero
2482 1986 2590 2029 haud

178 2056 318 2107 procul
337 2056 481 2096 abesse
507 2055 681 2103 uidetur,
712 2055 773 2108 (cf.
803 2056 1039 2109 Bernhardy
1067 2057 1143 2097 litt.
1164 2056 1283 2097 Rom.
1313 2056 1406 2096 hist.
1434 2068 1474 2108 p.
1503 2055 1558 2097 75
1587 2068 1672 2108 seq.
1702 2056 1861 2098 dissert.
1891 2056 1944 2097 de
1978 2056 2128 2097 Porcio
2156 2055 2332 2097 Latrone
2355 2067 2395 2107 p.
2427 2053 2454 2097 8
2484 2056 2590 2106 seq.)

179 2121 324 2174 quibus
352 2122 686 2175 praeceptoribus
714 2135 812 2164 usus
832 2123 985 2165 sitnon
1013 2123 1100 2176 pari
1131 2121 1256 2163 modo
1286 2121 1425 2175 liquet.
1481 2121 1788 2164 Praematuram
1816 2124 1955 2165 autem
1984 2121 2155 2176 gloriam
2184 2121 2260 2163 sibi
2288 2120 2452 2163 uidetur
2479 2132 2590 2163 com·

179 2200 341 2241 parasse
369 2189 401 2230 is
435 2201 572 2242 quem,
602 2201 694 2231 cum
723 2190 860 2231 omnia
890 2202 996 2243 quae
1034 2188 1087 2231 ad
1114 2189 1242 2231 uitam
1278 2201 1372 2231 cum
1404 2188 1520 2243 pueri
1561 2192 1649 2232 tum
1678 2188 1950 2232 adulescentis
1991 2188 2198 2243 pertinent
2239 2188 2375 2230 multis
2402 2187 2588 2230 tenebris

178 2256 342 2303 lateant,
371 2257 548 2309 primum
568 2258 610 2297 in
638 2256 848 2299 Ciceronis
869 2257 995 2298 domo
1025 2259 1264 2298 caenantem
1292 2258 1521 2309 reperimus
1547 2257 1655 2310 apud
1675 2256 1769 2298 Sen.
1789 2269 1896 2299 suas.
1914 2257 2002 2298 vll.
2025 2256 2085 2298 13.
2132 2256 2217 2297 lam
2246 2256 2413 2309 quidem
2442 2254 2588 2298 Cicero

177 2322 248 2364 ille
277 2326 363 2365 crat
390 2324 554 2377 egregio
582 2324 687 2378 patri
720 2336 813 2367 cum
841 2325 1006 2378 ingenio
1033 2326 1120 2366 tum
1149 2335 1312 2386 morufn
1341 2323 1575 2377 integritate
1610 2324 1760 2377 impar,
1805 2323 1992 2366 ebrietati
2030 2323 2250 2376 praecipue
2288 2322 2450 2365 deditus
2485 2323 2590 2364 teste

176 2390 310 2432 Plinio
347 2394 426 2432 nat.
461 2391 554 2434 hist.
592 2392 722 2434 Xllll.
751 2392 806 2434 22
845 2391 1070 2446 Tergilla
1115 2390 1408 2434 Ciceronem
1446 2390 1505 2432 Μ.
1548 2390 1706 2432 filium
1749 2390 1889 2432 binos
1931 2389 2134 2444 congios
2173 2388 2313 2431 simul
2356 2389 2589 2431 hausisse

175 2458 377 2500 solitum
412 2460 504 2512 ipsi
542 2461 708 2502 obicit.
782 2461 950 2503 Factum
988 2460 1028 2501 id
1058 2462 1147 2501 erat
1175 2458 1353 2512 Gorgiae
1380 2458 1557 2500 rhetoris
1593 2458 1732 2511 culpa,
1777 2458 1846 2511 qui
1875 2469 1970 2500 cum
2005 2456 2234 2499 auditorem
2268 2457 2384 2499 illum
2420 2456 2589 2498 haberet

177 2525 348 2566 Athenis
377 2537 482 2567 anno
511 2527 592 2569 709
611 2541 651 2569 u.
672 2541 727 2576 c.‚
757 2528 809 2569 ad
839 2529 1081 2570 ebrietatem
1109 2527 1269 2580 aliaque
1297 2526 1395 2567 uitia
1424 2525 1726 2567 adulescentem
1755 2525 1968 2579 perduxit,
1998 2525 2053 2566 ita
2081 2527 2128 2565 ut
2157 2528 2273 2578 pater
2301 2524 2430 2565 filium
2457 2524 2509 2565 ab
2537 2534 2588 2564 eo

177 2592 474 2634 remouendum
502 2598 663 2636 curaret
690 2595 739 2636 cs.
767 2595 874 2636 Plut.
903 2594 988 2637 Cic.
1017 2594 1086 2635 24.
1155 2595 1292 2646 Atque
1320 2593 1470 2635 nimius
1498 2592 1564 2634 bic
1601 2592 1685 2634 uini
1715 2592 1882 2633 bibendi
1911 2603 2029 2633 amor
2065 2591 2257 2634 attulerat
2292 2591 2330 2632 ei
2359 2591 2485 2632 multa
2521 2589 2587 2631 illa

177 2658 321 2701 damna
350 2671 374 2702 a
404 2659 535 2702 Plinio
564 2661 589 2703 l.
617 2673 652 2704 c.
681 2662 844 2705 disertis
873 2662 1017 2705 uerbis
1050 2663 1310 2710 enumerata,
1354 2660 1578 2703 memoriae
1616 2659 1817 2713 imprimis
1854 2659 1937 2702 iam
1979 2661 2124 2701 natura
2151 2658 2313 2702 demtae
2340 2656 2585 2712 quantulum

176 2729 387 2778 supererat
402 2738 569 2780 prorsus
585 2730 846 2771 subducebat.
862 2729 1036 2784 (codices
1050 2732 1231 2771 natura
1252 2728 1547 2769 memoriam
1566 2726 1818 2774 demetat;
1847 2726 2068 2767 Bursianus
2087 2726 2261 2767 coniecit
2278 2728 2456 2766 natura
2483 2735 2587 2764 me·

178 2792 334 2833 moria
360 2792 598 2835 infidelis
627 2795 763 2850 erat.)
806 2795 1013 2837 Laudatur
1040 2807 1142 2837 uero
1162 2795 1204 2836 in
1233 2805 1284 2836 eo
1304 2793 1512 2835 urbanitas
1541 2803 1673 2845 eaque
1691 2790 1939 2833 lucrifecisse
1964 2790 2129 2834 uidetur
2147 2790 2319 2834 Cestius.
2371 2789 2458 2831 Vsu
2476 2789 2586 2831 enim

177 2859 292 2900 uenit
320 2859 395 2901 illis
440 2861 696 2914 temporibus
732 2863 878 2915 quibus
907 2873 931 2904 a
959 2862 1168 2915 republica
1205 2861 1256 2903 ad
1294 2859 1427 2902 studia
1471 2858 1669 2901 litteraria
1700 2858 1986 2912 profugiebant
2026 2858 2093 2900 uel
2130 2858 2369 2901 nobilissimi
2398 2858 2497 2906 uiri,
2540 2858 2586 2898 ut

174 2926 387 2967 ambitioni
423 2928 684 2981 indulgerent
731 2925 965 2971 hominibus
1003 2930 1044 2971 in
1073 2930 1219 2971 litteris
1256 2926 1563 2980 quodammodo
1599 2925 1821 2968 nobilitatis
1848 2926 2039 2968 fauentes
2084 2937 2237 2980 eosque
2270 2925 2313 2967 in
2347 2924 2586 2967 familiarem

174 2992 512 3037 consuetudinem
541 2994 791 3038 adducentes
828 2996 877 3039 ct'.
906 2995 1144 3050 Bernhardy
1172 3008 1212 3050 p.
1239 2994 1324 3038 225
1351 3007 1438 3049 seq.
1510 2993 1626 3037 Fecit
1653 2993 1732 3036 hoc
1755 2992 1919 3036 Asinius
1947 2992 2096 3043 Pollio,
2135 2993 2232 3037 fecit
2266 2991 2455 3036 Messalla
2478 2988 2585 3035 -Cor-

174 3062 315 3110 uinus,
345 3060 441 3103 fecit
467 3062 665 3117 imprimis
685 3062 902 3106 Maecenas
929 3064 1045 3107 cuius
1073 3075 1225 3107 nomen
1253 3063 1359 3106 hanc
1385 3062 1516 3118 ipsam
1543 3060 1598 3104 ob
1618 3072 1782 3103 causam
1810 3060 2018 3115 prouerbii
2048 3060 2140 3104 loco
2169 3059 2248 3103 dici
2276 3059 2394 3103 solet.
2448 3060 2586 3114 Atque

174 3129 283 3171 hunc
302 3140 477 3178 morem,
505 3130 705 3183 siquidem
729 3133 817 3173 erat
846 3131 1096 3180 urbanitatis,
1125 3130 1271 3174 Cicero
1300 3142 1467 3184 quoque
1494 3130 1658 3171 secutus
1687 3138 1780 3171 esse
1808 3127 1992 3178 uidetur,
2026 3140 2123 3171 cum
2162 3127 2362 3183 Smyrnae
2396 3130 2584 3170 uersatus

173 3196 326 3239 clarum
355 3196 567 3239 rhetorem
594 3198 646 3240 ad
674 3209 842 3241 caenam
873 3198 1074 3241 inuitaret.
1132 3197 1212 3241 Sed
1241 3198 1348 3241 male
1376 3197 1434 3240 illi
1464 3197 1595 3240 honos
1631 3196 1767 3239 cessit.
1831 3194 2051 3239 Exciderat
2088 3196 2198 3240 euim
2225 3195 2413 3239 Ciceroni
2454 3193 2583 3237 Cestii
