2776 3559
1351 71 1414 123 12

167 209 294 251 multa
323 208 584 258 insaniuerit,
628 207 737 251 haud
779 220 875 251 raro
920 211 1061 251 tamen
1097 211 1211 251 recto
1246 208 1397 251 iudicio
1434 208 1541 262 quae
1576 208 1746 256 modum
1761 208 2471 265 ,2transgrederenamdignouttuet-
2485 223 2599 255 acer·

165 277 331 320 bissime
360 276 622 330 uituperauit.
706 275 996 329 lneptorum
1039 275 1340 336 schematum
1381 274 1708 318 aduersarius
1750 276 1936 320 exoritur
1971 276 2598 324 in..A1bueium.>Sthm.contr.

164 343 253 386 Vll.
281 343 409 397 praef.
437 342 475 386 8.
533 342 704 385 Dixerat
740 342 808 384 ille
838 342 881 384 in
921 342 1202 385 controuersia
1244 340 1438 395 quadam:
1495 340 1660 393 ¹,Quare
1698 342 1804 386 calix
1838 343 1872 386 si
1908 341 2060 387 cecidit·
2083 343 2326 398 :uagitum
2361 346 2530 399 spongia
2562 347 2599 389 si

164 411 313 453 cecidit
351 422 433 452 non
475 409 736 462 frangitur?“
785 421 891 462 quae
929 409 1096 462 quidem
1131 409 1331 450 sententia
1374 408 1615 450 insolentior
1641 410 1705 449 est
1756 420 1880 461 quam
1922 420 2028 463 quae
2055 420 2209 455 a-sano
2225 410 2404 468 3hnmine
2431 410 2598 456 feratur.

164 476 309 532 Neque
338 476 498 520 Cestius
529 476 653 520 bilem
681 477 903 526 continuit,
932 476 1004 519 sed
1031 476 1134 519 albis
1163 476 1368 526 dentibus,
1397 476 1439 519 id
1467 476 1578 529 quod
1598 476 1768 519 Plautus
1787 477 1902 525 dicit,
1931 477 2183 524 sententiam
2203 478 2600 534 deridemtffloeffl}

165 546 228 587 los
256 556 351 587 suos
380 544 460 586 hoc
488 544 614 586 modo
644 544 831 586 hortatus
860 546 942 586 est:
988 545 1071 593 „lte
1099 543 1152 586 ad
1180 544 1295 586 illum
1324 555 1430 587 cras:
1460 543 1703 586 declamabit
1729 543 1847 587 uobis
1876 555 2003 597 quare
2032 544 2141 589 turdi
2168 544 2335 596 uolent.
2365 546 2599 592 cucurbitae

164 624 248 655 non
276 612 455 654 uolent.‘⁶
515 612 630 654 Idem
668 612 864 654 Albucius
900 623 993 654 cum
1027 612 1197 654 dixisset
1225 611 1277 653 de
1310 611 1380 654 illo
1430 611 1498 664 qui
1535 610 1702 654 fratrem
1738 611 1948 665 parricidii.
1972 612 2211 656 damnatum
2254 616 2463 659 exarmata
2491 625 2599 658 naue

165 680 337 721 dimisit:
386 679 611 731 „Imposuit
638 678 807 720 fratrem
835 679 877 719 in
906 678 1088 730 ligneum
1120 678 1339 727 culleum“,
1364 678 1574 732 ingentem
1601 678 1938 720 scholasticorum
1964 678 2095 722 risum
2122 679 2275 729 mouit,
2314 680 2597 726 cumffcestius

164 745 340 789 eandem
370 746 553 788 dicturus
583 746 907 788 controuersiam
937 746 1074 787 uerbis
1102 746 1287 798 repetitis
1315 746 1529 787 mirificam
1558 745 1670 786 illam
1693 746 1938 787 sententiam
1967 755 2045 788 suo
2078 758 2198 790 more
2221 747 2513 794 ludificaretur
2545 749 2596 790 cf.

162 811 316 854 ibidem
360 811 399 854 9.
469 814 506 853 A
543 811 681 854 duris
718 812 868 855 deinde
903 815 951 853 et
985 812 1178 854 crassis
1217 824 1327 854 eum
1365 811 1699 856 abhorruisse
1740 815 1985 865 argumento
2028 815 2124 855 sunt
2156 816 2287 858 centn
2322 814 2354 856 1.
2390 813 2521 857 &10
2554 815 2597 857 in

163 878 351 931 Quintilii
377 877 474 920 Vari
505 878 577 920 filii
608 879 754 921 uerba:
788 879 1009 928 „incestam
1037 890 1091 920 ne
1119 879 1200 921 cito
1229 877 1472 933 supplicium
1499 880 1809 929 transcurreret,
1846 878 1902 922 dii
1939 882 2282 925 reuocauerunt“-;
2309 881 2595 926 contumeliosi

163 948 250 989 eius
278 948 476 998 impetus:
510 946 602 995 „Sic
629 946 840 999 quomodo
870 946 1088 998 quadrigas
1106 949 1427 988 reuocauerunt:
1455 958 1553 987 nam
1582 949 1624 987 et
1650 949 1747 988 ante
1776 947 1948 999 posuisti
1968 946 2291 996 similitudinem,
2317 949 2477 1000 quinat
2494 948 2596 992 haec

161 1013 214 1056 de
243 1024 408 1056 carcere
437 1013 632 1056 exierat“.
687 1013 832 1067 Neque
860 1013 995 1056 minus
1024 1013 1236 1056 Pastorem
1255 1013 1435 1056 Aietium
1463 1016 1696 1057 senatorem
1721 1014 1962 1067 perstrinxit
1990 1014 2099 1067 apud
2128 1015 2263 1068 ipsum
2289 1015 2430 1068 inepto
2458 1017 2583 1059 modo

162 1080 215 1120 de
250 1080 394 1120 eadem
429 1080 584 1121 incesta
621 1080 935 1122 declamantem:
973 1079 1065 1130 „Sic
1092 1080 1300 1123 ueneficiis
1330 1090 1479 1135 corpus
1512 1080 1794 1132 induruit‚-ut
1821 1090 1920 1124 saxa
1950 1081 2276 1127 reuerberaret“.
2337 1080 2453 1133 „Hoc
2484 1082 2594 1130 enim

161 1149 305 1200 inquit,
326 1148 432 1189 male
452 1149 551 1189 mihi
573 1149 668 1190 facit
687 1149 755 1189 ille
781 1149 850 1199 qui
870 1151 942 1189 aut
960 1149 1112 1189 athleta
1133 1152 1196 1189 est
1221 1152 1293 1189 aut
1316 1148 1537 1200 phtisicus“
1569 1147 1641 1201 (sic
1658 1149 1901 1196 Bursianus:
1930 1149 2092 1191 codices
2111 1149 2355 1201 „phtuicus⁶⁶
2375 1150 2593 1201 praebent,

161 1213 259 1258 edit.
279 1213 366 1268 Bip.
386 1213 594 1270 „pyctes“)
615 1213 662 1257 cf.
685 1213 782 1257 ibid.
806 1213 867 1257 ll.
915 1215 1052 1268 Atque
1081 1213 1281 1258 eiusmodi
1311 1213 1410 1258 uitia
1434 1216 1481 1257 ut
1509 1216 1597 1258 erat
1631 1214 1756 1258 homo
1791 1214 1968 1259 mordax
1995 1219 2038 1259 et
2071 1216 2390 1259 contumeliosus
2424 1229 2590 1270 semper

161 1293 257 1323 eum
285 1282 549 1334 impugnasse
577 1284 747 1335 apparet
776 1292 829 1323 ex
857 1282 1059 1324 sententia
1089 1281 1237 1324 eodem
1275 1281 1366 1324 loco
1398 1281 1573 1336 prolata:
1614 1280 1729 1332 „Hoc
1765 1283 1829 1324 est
1865 1292 1996 1335 quare
2028 1282 2200 1326 inuitem
2228 1282 2460 1327 auditores·
2478 1295 2594 1330 meos

160 1352 211 1392 ad
239 1352 341 1392 alios
367 1350 594 1392 audiendos
623 1350 731 1402 ire“,
766 1349 921 1390 scilicet
949 1351 994 1390 ut
1021 1350 1184 1403 cognita
1212 1349 1288 1391 hac
1315 1349 1476 1391 dicendi
1504 1350 1664 1391 ratione
1693 1349 1735 1390 in
1762 1349 1846 1391 suis
1876 1348 2057 1392 declama
2070 1349 2248 1393 tionibus
2275 1359 2371 1392 eam·
2396 1349 2593 1395 deniteat.

159 1418 428 1471 vituperabat
464 1418 588 1460 etiam
626 1417 747 1459 inane
784 1416 884 1459 illud
920 1420 963 1458 et
995 1418 1263 1459 artificiosum
1297 1418 1524 1459 sententiae
1553 1428 1703 1468 genuS,
1746 1428 1828 1468 quo
1866 1417 2055 1467 quidem,
2099 1419 2287 1470 quotiens
2310 1418 2485 1469 eliqua.
2508 1431 2593 1460 uox

160 1486 395 1539 poneretur,
425 1483 477 1527 ad
505 1483 615 1526 illam
645 1483 760 1537 quasi
791 1481 843 1525 ad
871 1483 1115 1526 sententiam
1144 1483 1417 1526 decurrebant
1444 1483 1752 1533 declamatores,
1780 1483 1822 1527 id
1849 1483 1960 1537 quod
1997 1473 2103 1538 ἠχώ
2157 1485 2344 1528 uocabat.
2401 1484 2593 1531 Peccauit

160 1553 235 1594 hac
263 1552 423 1593 ratione
451 1551 615 1593 auditor
644 1551 713 1592 ille
742 1551 811 1602 qui
841 1550 893 1591 de
921 1550 1134 1603 proditore
1161 1551 1486 1592 controuersiam
1516 1550 1602 1592 Vll.
1631 1549 1686 1591 22
1728 1550 1792 1592 sic
1818 1551 1988 1606 incepit:
2029 1551 2109 1602 ..Ut
2141 1552 2278 1597 uerbis
2306 1551 2431 1596 ducis÷
2449 1553 2592 1600 uestri,

158 1619 325 1669 iudices,
356 1620 567 1673 incipiam:
598 1617 788 1662 Cauete
818 1618 1216 1671 proditionem,
1244 1619 1302 1661 sic
1331 1618 1465 1660 finiuit
1493 1622 1539 1659 ut
1567 1617 1743 1660 diceret:
1779 1619 1852 1667 ,l,n
1880 1620 2028 1671 quibus
2060 1620 2188 1661 uitam
2217 1621 2321 1663 [iniit
2346 1620 2591 1672 imperator.

158 1689 339 1727 cauete
368 1685 755 1740 proditionem“
785 1685 863 1737 (sic
890 1685 1111 1739 utrobique
1138 1685 1379 1728 Bursianus:
1402 1685 1466 1729 ed.
1486 1684 1605 1740 Bip.,
1607 1683 1977 1739 ,proditorem⁶⁶
2003 1684 2171 1730 exhibet
2189 1684 2298 1740 quod
2320 1685 2591 1757 inexcerptis

158 1756 280 1794 etiam
315 1755 538 1793 Bursianus
573 1754 762 1804 recepit).
826 1753 944 1792 Illum
975 1752 1137 1793 Cestius
1166 1755 1303 1794 statim
1338 1754 1560 1806 increpuit.
1591 1741 1704 1809 υπέρ
1733 1752 1966 1806 (Bursianus
1996 1763 2050 1795 ex
2078 1753 2312 1796 coniectura
2343 1738 2488 1808 ἄφες)
2509 1761 2592 1802 την

159 1811 273 1874 ἥχω.
345 1822 480 1873 Atque
523 1820 722 1872 corripuit
771 1819 851 1861 hoc
895 1820 1042 1860 uitium
1080 1832 1164 1861 non
1204 1821 1354 1869 semel,
1395 1821 1570 1862 alterum
1609 1821 1843 1872 exemplum
1880 1823 1995 1862 extat
2036 1821 2079 1862 in
2116 1821 2183 1862 illa
2212 1821 2395 1862 suasoria
2431 1821 2474 1862 in
2511 1833 2590 1873 qua

159 1888 355 1931 deliberat
390 1885 646 1936 Alexander,
694 1897 747 1929 an
782 1884 995 1929 Oceanum
1031 1886 1211 1941 nauiget.
1280 1885 1326 1929 ln
1365 1898 1414 1929 ea
1448 1886 1557 1929 enim
1601 1898 1695 1930 cum
1740 1885 1931 1930 exaudita
1974 1889 2085 1930 esset
2124 1898 2231 1929 uox:
2273 1885 2591 1941 Quousque

160 1957 381 1997 inuicte“
410 1955 461 1995 ab
492 1955 577 2006 ipsa
607 1965 712 1995 uoce
741 1954 906 2005 quidam
935 1955 1071 2006 coepit
1099 1954 1329 1995 declamare
1359 1956 1401 1995 et
1430 1954 1471 1995 in
1508 1953 1681 1995 eandem
1719 1953 1852 1996 desiit.
1916 1952 2129 1997 Desinenti
2161 1955 2300 1996 autem
2336 1953 2393 1997 illi
2429 1952 2591 1999 Cestius

158 2023 232 2064 ait:
268 2009 306 2061 ἐν
337 2033 400 2061 σοι
426 2009 504 2076 μὲν
535 2008 678 2079 λήξω,
713 2033 759 2060 σε
752 2010 784 2062 'o
814 2003 854 2062 δ’
882 2006 1091 2081 ἄρξομαι.
1136 2021 1189 2064 Et
1221 2023 1325 2064 alter
1353 2034 1448 2064 cum
1468 2023 1679 2076 descriptis
1698 2022 1920 2075 Alexandri
1940 2022 2124 2065 uictoriis
2142 2022 2331 2075 gentibus
2348 2022 2590 2078 perdomitis

157 2091 379 2133 nouissime
407 2092 641 2144 poneretz,
643 2089 942 2143 ,Quousque
970 2090 1193 2132 inuicte“
1204 2090 1490 2139 ,exclamauit
1516 2089 1696 2133 Cestius:
1724 2090 1825 2139 ,Τ,υ
1855 2093 2028 2132 autem
2041 2091 2438 2142 quousquewcr.
2456 2093 2590 2146 contr.

160 2158 246 2200 Vll.
275 2158 341 2199 22.
375 2157 438 2207 19,
467 2169 556 2200 exc.
586 2160 713 2200 contr.
743 2157 830 2199 Vll.
861 2157 901 2200 7.
935 2157 970 2199 l.
1013 2157 1155 2211 ltaque
1184 2157 1371 2211 quamuis
1401 2157 1488 2211 ipse
1516 2157 1642 2200 multa
1669 2157 1879 2207 insaniret,
1906 2156 2077 2200 modum
2103 2159 2241 2201 tamen
2259 2158 2413 2201 seruari
2441 2144 2587 2205 uoluit,

158 2226 264 2267 ultra
293 2237 413 2278 quem
440 2236 587 2267 uerum
617 2228 658 2267 et
685 2228 843 2267 rectum
872 2225 1098 2267 consistere
1126 2236 1210 2267 non
1239 2236 1362 2279 posse
1395 2227 1579 2279 putaret:
1608 2225 1787 2279 ineptior
1814 2223 1982 2278 quidem
2010 2226 2075 2267 est
2100 2223 2279 2270 Latrone
2297 2224 2339 2269 in
2359 2225 2585 2274 sententiis,

157 2294 252 2346 quia
282 2293 439 2346 placere
467 2293 634 2335 uolebat
662 2294 824 2346 ineptis,
854 2293 927 2335 sed
955 2292 1064 2334 haud
1094 2293 1212 2346 pauci
1243 2295 1338 2334 sunt
1366 2293 1497 2335 multo
1526 2293 1650 2335 etiam
1680 2293 1918 2347 ineptiores.
1979 2291 2085 2335 Illud
2112 2302 2215 2334 uero
2238 2292 2363 2345 quod.
2385 2292 2586 2347 appetiuit

155 2362 210 2402 ita
242 2361 548 2412 assequebatur,
577 2363 625 2402 ut
643 2373 737 2402 raro
759 2360 914 2402 diceret
934 2361 1032 2412 quin
1053 2360 1263 2402 auditores
1282 2360 1537 2412 plauderent,
1558 2364 1685 2412 utque
1704 2359 1984 2412 praeceptoris
2003 2359 2321 2402 declamationes
2337 2359 2584 2406 ediscerent,

156 2427 368 2469 Ciceronis
398 2427 601 2468 orationes
627 2438 712 2469 non
741 2426 927 2481 legerent
954 2426 1033 2469 nisi
1061 2427 1209 2481 quibus
1246 2425 1409 2471 Cestius
1445 2427 1710 2481 rescripserat
1739 2426 1790 2470 cf.
1827 2424 1924 2470 Sen.
1958 2436 2048 2470 exc.
2083 2428 2214 2469 contr.
2250 2425 2318 2469 ΙΙΙ.
2352 2425 2482 2480 praes.
2518 2425 2584 2484 ,¹5-

358 2494 482 2545 Quod
508 2506 610 2536 uero
639 2496 680 2536 in
709 2494 922 2536 sententiis
956 2494 1297 2547 reprehendimus
1332 2495 1512 2537 maxime
1549 2494 1896 2548 deprehendimus
1933 2494 1976 2537 in
2010 2491 2338 2539 coloribus
2347 2518 2369 2545 ,
2404 2493 2583 2536 studium

156 2563 253 2603 illud
283 2563 377 2603 dico
407 2562 503 2602 noui
534 2564 576 2602 et
603 2562 772 2602 inauditi
816 2561 927 2612 quod
961 2573 1102 2601 rerum
1137 2564 1325 2602 naturam
1354 2562 1489 2602 minus
1517 2564 1693 2602 curaret.
1762 2560 1905 2601 Noluit
1930 2562 2121 2613 repetere
2148 2571 2253 2613 quae
2278 2571 2373 2602 cum
2407 2572 2455 2603 re
2497 2561 2584 2613 ipsa

156 2627 402 2671 offerrentur
430 2640 454 2669 a
484 2627 620 2670 multis
648 2628 727 2670 iam
768 2627 875 2670 dicta
910 2631 1027 2670 erant
1062 2632 1105 2670 et
1141 2628 1402 2677 dicebantur,
1439 2629 1518 2671 alia
1556 2631 1672 2671 erant
1708 2627 2064 2682 detegenda,'alia
2089 2627 2270 2670 eruenda
2298 2638 2402 2681 quae
2428 2627 2582 2672 insoliti

156 2697 293 2750 specie
327 2708 448 2738 aures
484 2695 715 2738 auditorum
752 2699 794 2737 et
827 2707 971 2738 sensus
1004 2696 1207 2738 lenocinio
1244 2697 1424 2749 quodam
1460 2696 1684 2738 titillarent.
1754 2695 1954 2747 Fingebat
1983 2694 2114 2747 igitur
2148 2706 2288 2737 rerum
2322 2694 2584 2738 condiciones

156 2774 262 2817 quae
290 2774 499 2817 nunquam
528 2762 783 2811 exstiterunt,
812 2774 953 2805 causas
982 2764 1239 2818 supponebat
1267 2763 1496 2807 actionibus
1525 2775 1626 2818 quas
1653 2774 1777 2807 nemo
1803 2764 1969 2806 secutus
1996 2764 2061 2806 est
2085 2771 2223 2815 neque
2251 2772 2431 2816 unquam
2464 2762 2582 2816 sequi

155 2832 347 2879 uoluerit,
377 2835 417 2873 et
445 2842 541 2872 cum
570 2830 691 2871 laude
720 2831 886 2883 dignum
915 2830 1126 2872 uideretur
1153 2831 1195 2872 in
1223 2834 1441 2885 utramque
1469 2834 1628 2885 partem
1657 2820 1795 2873 dicere
1826 2832 1868 2873 et
1896 2829 2050 2873 habere
2074 2840 2180 2883 quae
2198 2830 2398 2874 inseruire
2415 2832 2585 2884 possent

153 2898 387 2942 damnando
416 2910 502 2947 reo,
532 2908 638 2951 quae
666 2896 914 2940 absoluendo
943 2898 1010 2940 uel
1038 2899 1080 2940 in
1108 2899 1156 2940 iis
1185 2899 1308 2942 rebus
1345 2911 1450 2953 quae
1485 2898 1793 2942 excusationem
1827 2909 1998 2951 prorsus
2026 2896 2178 2941 nullam
2213 2897 2454 2948 admittunt,
2491 2897 2582 2940 lieri

153 2979 238 3009 non
265 2966 403 3020 potuit
431 2967 529 3017 quin
557 2964 759 3007 incideret
786 2965 827 3005 in
855 2977 920 3007 res
947 2978 1048 3018 quas
1077 2977 1200 3007 nemo
1229 2970 1342 3008 certe
1370 2966 1565 3019 proferet,
1594 2966 1665 3018 qui
1692 2976 1815 3007 sanus
1852 2965 1967 3007 uolet
1995 2964 2159 3008 haberi..
2204 2965 2337 3008 Huius
2362 2966 2425 3008 rei
2452 2975 2581 3019 pauca

154 3034 273 3076 liceat
301 3043 536 3087 proponere
564 3030 767 3086 exempla.
824 3029 1139 3075 controuersiae
1167 3033 1351 3076 omnium
1378 3034 1535 3087 primae
1564 3032 1702 3077 thema
1730 3032 1922 3076 hocest:
1956 3031 2127 3077 Liberi
2168 3035 2410 3086 parentes
2446 3032 2583 3076 alant

153 3105 238 3142 aut
282 3100 592 3143 uinciantur.
666 3099 776 3141 Duo
821 3098 1010 3142 fratres
1058 3101 1194 3143 inter
1240 3113 1293 3144 se
1341 3101 1686 3145 dissidebant:
1730 3100 1884 3144 alteri
1929 3100 2073 3146 silius
2115 3102 2243 3144 erat:
2285 3103 2491 3156 patruus
2533 3101 2582 3143 in

155 3172 430 3223 egestatem
467 3167 662 3210 incidit:
700 3169 845 3221 patre
881 3169 1090 3210 uetante
1133 3168 1436 3212 adulescens
1478 3169 1621 3211 illum
1663 3168 1815 3210 aluit:
1858 3168 1918 3211 ob
1962 3168 2056 3212 hoc
2095 3167 2361 3212 abdicatus
2401 3167 2580 3212 tacuit:
