<?xml version="1.0" encoding="UTF-8"?>
<!DOCTYPE html PUBLIC "-//W3C//DTD XHTML 1.0 Transitional//EN"
    "http://www.w3.org/TR/xhtml1/DTD/xhtml1-transitional.dtd">
<html xmlns="http://www.w3.org/1999/xhtml" xml:lang="en" lang="en">
 <head>
  <title>
</title>
<meta http-equiv="Content-Type" content="text/html;charset=utf-8" />
  <meta name='ocr-system' content='tesseract 3.04.00' />
  <meta name='ocr-capabilities' content='ocr_page ocr_carea ocr_par ocr_line ocrx_word'/>
</head>
<body>
  <div class='ocr_page' id='page_1' title='image "./4770952_0020.png"; bbox 0 0 2776 3559; ppageno 0'>
   <div class='ocr_carea' id='block_1_1' title="bbox 1354 70 1387 121">
    <p class='ocr_par' dir='ltr' id='par_1_1' title="bbox 1354 70 1387 121">
     <span class='ocr_line' id='line_1_1' title="bbox 1354 70 1387 121; baseline 0 0"><span class='ocrx_word' id='word_1_1' title='bbox 1354 70 1387 121; x_wconf 83' lang='lat'>8</span> 
     </span>
    </p>
   </div>
   <div class='ocr_carea' id='block_1_2' title="bbox 1241 135 1502 146">
    <p class='ocr_par' dir='ltr' id='par_1_2' title="bbox 1241 135 1502 146">
     <span class='ocr_line' id='line_1_2' title="bbox 1241 135 1502 146; baseline 0 3413"><span class='ocrx_word' id='word_1_2' title='bbox 1241 135 1502 146; x_wconf 95' lang='lat' dir='ltr'><strong> </strong></span> 
     </span>
    </p>
   </div>
   <div class='ocr_carea' id='block_1_3' title="bbox 159 206 2582 935">
    <p class='ocr_par' dir='ltr' id='par_1_3' title="bbox 159 206 2582 935">
     <span class='ocr_line' id='line_1_3' title="bbox 160 206 2579 261; baseline 0.001 -8"><span class='ocrx_word' id='word_1_3' title='bbox 160 211 282 254; x_wconf 87' lang='lat' dir='ltr'><strong>certis</strong></span> <span class='ocrx_word' id='word_1_4' title='bbox 311 210 507 253; x_wconf 89' lang='lat' dir='ltr'><strong>limitibus</strong></span> <span class='ocrx_word' id='word_1_5' title='bbox 533 209 720 253; x_wconf 88' lang='lat' dir='ltr'><strong>notiones</strong></span> <span class='ocrx_word' id='word_1_6' title='bbox 747 207 959 261; x_wconf 80' lang='lat' dir='ltr'><strong>distinguit</strong></span> <span class='ocrx_word' id='word_1_7' title='bbox 991 207 1266 261; x_wconf 78' lang='lat' dir='ltr'><strong>Quintilianus</strong></span> <span class='ocrx_word' id='word_1_8' title='bbox 1293 209 1387 251; x_wconf 84' lang='lat' dir='ltr'><strong>inst.</strong></span> <span class='ocrx_word' id='word_1_9' title='bbox 1420 210 1524 251; x_wconf 87' lang='lat' dir='ltr'><strong>orat.</strong></span> <span class='ocrx_word' id='word_1_10' title='bbox 1543 206 1598 250; x_wconf 83' lang='lat' dir='ltr'><strong>X.</strong></span> <span class='ocrx_word' id='word_1_11' title='bbox 1631 207 1668 250; x_wconf 91' lang='lat' dir='ltr'><strong>l.</strong></span> <span class='ocrx_word' id='word_1_12' title='bbox 1690 206 1742 250; x_wconf 83' lang='lat'><strong>15</strong></span> <span class='ocrx_word' id='word_1_13' title='bbox 1768 207 1845 257; x_wconf 87' lang='lat' dir='ltr'><strong>ita,</strong></span> <span class='ocrx_word' id='word_1_14' title='bbox 1874 210 1922 250; x_wconf 86' lang='lat' dir='ltr'><strong>ut</strong></span> <span class='ocrx_word' id='word_1_15' title='bbox 1946 207 2212 257; x_wconf 85' lang='lat' dir='ltr'><strong>rhetorem</strong></span> <span class='ocrx_word' id='word_1_16' title='bbox 2239 210 2579 257; x_wconf 78' lang='lat' dir='ltr'><strong>etdoctorem</strong></span> 
     </span>
     <span class='ocr_line' id='line_1_4' title="bbox 161 273 2577 330; baseline 0.002 -12"><span class='ocrx_word' id='word_1_17' title='bbox 161 278 245 330; x_wconf 92' lang='lat' dir='ltr'><strong>qui</strong></span> <span class='ocrx_word' id='word_1_18' title='bbox 266 277 580 330; x_wconf 78' lang='lat' dir='ltr'><strong>praecipiant</strong></span> <span class='ocrx_word' id='word_1_19' title='bbox 597 279 773 323; x_wconf 89' lang='lat' dir='ltr'><strong>artem,</strong></span> <span class='ocrx_word' id='word_1_20' title='bbox 793 277 975 329; x_wconf 89' lang='lat' dir='ltr'><strong>opponat</strong></span> <span class='ocrx_word' id='word_1_21' title='bbox 993 274 1324 317; x_wconf 84' lang='lat' dir='ltr'><strong>declamatori</strong></span> <span class='ocrx_word' id='word_1_22' title='bbox 1343 276 1392 316; x_wconf 90' lang='lat' dir='ltr'><strong>et</strong></span> <span class='ocrx_word' id='word_1_23' title='bbox 1411 273 1702 327; x_wconf 79' lang='lat' dir='ltr'><strong>professori</strong></span> <span class='ocrx_word' id='word_1_24' title='bbox 1721 274 1806 328; x_wconf 92' lang='lat' dir='ltr'><strong>qui</strong></span> <span class='ocrx_word' id='word_1_25' title='bbox 1834 275 2034 320; x_wconf 86' lang='lat' dir='ltr'><strong>oratori</strong></span> <span class='ocrx_word' id='word_1_26' title='bbox 2054 275 2258 319; x_wconf 82' lang='lat' dir='ltr'><strong>similes</strong></span> <span class='ocrx_word' id='word_1_27' title='bbox 2286 278 2577 324; x_wconf 77' lang='lat' dir='ltr'><strong>ostendant.</strong></span> 
     </span>
     <span class='ocr_line' id='line_1_5' title="bbox 160 340 2577 396; baseline -0 -9"><span class='ocrx_word' id='word_1_28' title='bbox 160 343 242 387; x_wconf 86' lang='lat' dir='ltr'><strong>Sed</strong></span> <span class='ocrx_word' id='word_1_29' title='bbox 267 343 464 387; x_wconf 76' lang='lat' dir='ltr'><strong>Senecam</strong></span> <span class='ocrx_word' id='word_1_30' title='bbox 484 343 589 386; x_wconf 85' lang='lat' dir='ltr'><strong>hanc</strong></span> <span class='ocrx_word' id='word_1_31' title='bbox 614 342 831 385; x_wconf 88' lang='lat' dir='ltr'><strong>notionum</strong></span> <span class='ocrx_word' id='word_1_32' title='bbox 855 341 1168 396; x_wconf 88' lang='lat' dir='ltr'><strong>discrepantiam</strong></span> <span class='ocrx_word' id='word_1_33' title='bbox 1190 353 1278 385; x_wconf 89' lang='lat' dir='ltr'><strong>non</strong></span> <span class='ocrx_word' id='word_1_34' title='bbox 1311 352 1457 386; x_wconf 89' lang='lat' dir='ltr'><strong>curare</strong></span> <span class='ocrx_word' id='word_1_35' title='bbox 1491 340 1659 386; x_wconf 86' lang='lat' dir='ltr'><strong>uberius</strong></span> <span class='ocrx_word' id='word_1_36' title='bbox 1687 340 1967 386; x_wconf 71' lang='lat' dir='ltr'><strong>demonstraui</strong></span> <span class='ocrx_word' id='word_1_37' title='bbox 1984 365 1986 368; x_wconf 92' lang='lat'><em>-</em></span> <span class='ocrx_word' id='word_1_38' title='bbox 2001 341 2046 387; x_wconf 80' lang='lat' dir='ltr'><strong>in</strong></span> <span class='ocrx_word' id='word_1_39' title='bbox 2081 342 2368 390; x_wconf 68' lang='lat' dir='ltr'><strong>dissertatione</strong></span> <span class='ocrx_word' id='word_1_40' title='bbox 2398 355 2507 389; x_wconf 55' lang='lat' dir='ltr'><strong>mea,</strong></span> <span class='ocrx_word' id='word_1_41' title='bbox 2523 345 2577 390; x_wconf 86' lang='lat' dir='ltr'><strong>de</strong></span> 
     </span>
     <span class='ocr_line' id='line_1_6' title="bbox 159 407 2580 465; baseline -0.001 -10"><span class='ocrx_word' id='word_1_42' title='bbox 159 413 339 455; x_wconf 88' lang='lat' dir='ltr'><strong>Latrone</strong></span> <span class='ocrx_word' id='word_1_43' title='bbox 372 423 412 465; x_wconf 92' lang='lat' dir='ltr'><strong>p.</strong></span> <span class='ocrx_word' id='word_1_44' title='bbox 443 411 516 459; x_wconf 75' lang='lat'><strong>113</strong></span> <span class='ocrx_word' id='word_1_45' title='bbox 551 411 586 452; x_wconf 91' lang='lat' dir='ltr'><strong>is</strong></span> <span class='ocrx_word' id='word_1_46' title='bbox 624 421 750 453; x_wconf 88' lang='lat' dir='ltr'><strong>uoces</strong></span> <span class='ocrx_word' id='word_1_47' title='bbox 784 408 1016 452; x_wconf 90' lang='lat' dir='ltr'><strong>rhetoris</strong></span> <span class='ocrx_word' id='word_1_48' title='bbox 1057 408 1430 452; x_wconf 89' lang='lat' dir='ltr'><strong>declamatoris</strong></span> <span class='ocrx_word' id='word_1_49' title='bbox 1477 407 1777 453; x_wconf 75' lang='lat' dir='ltr'><strong>scholastici</strong></span> <span class='ocrx_word' id='word_1_50' title='bbox 1817 409 1907 462; x_wconf 88' lang='lat' dir='ltr'><strong>pari</strong></span> <span class='ocrx_word' id='word_1_51' title='bbox 1943 408 1987 452; x_wconf 93' lang='lat' dir='ltr'><strong>ui</strong></span> <span class='ocrx_word' id='word_1_52' title='bbox 2021 410 2244 463; x_wconf 60' lang='lat' dir='ltr'><strong>oenmonit.</strong></span> <span class='ocrx_word' id='word_1_53' title='bbox 2305 410 2450 465; x_wconf 77' lang='lat' dir='ltr'><strong>ltaque</strong></span> <span class='ocrx_word' id='word_1_54' title='bbox 2485 424 2580 459; x_wconf 83' lang='lat' dir='ltr'><strong>eum</strong></span> 
     </span>
     <span class='ocr_line' id='line_1_7' title="bbox 159 470 2579 533; baseline 0 -11"><span class='ocrx_word' id='word_1_55' title='bbox 159 491 246 523; x_wconf 87' lang='lat' dir='ltr'><strong>non</strong></span> <span class='ocrx_word' id='word_1_56' title='bbox 278 479 443 522; x_wconf 87' lang='lat' dir='ltr'><strong>nomina</strong></span> <span class='ocrx_word' id='word_1_57' title='bbox 476 477 696 531; x_wconf 85' lang='lat' dir='ltr'><strong>spectanda</strong></span> <span class='ocrx_word' id='word_1_58' title='bbox 723 476 806 519; x_wconf 91' lang='lat' dir='ltr'><strong>sint</strong></span> <span class='ocrx_word' id='word_1_59' title='bbox 832 476 906 520; x_wconf 89' lang='lat' dir='ltr'><strong>sed</strong></span> <span class='ocrx_word' id='word_1_60' title='bbox 932 487 1013 525; x_wconf 87' lang='lat' dir='ltr'><strong>res,</strong></span> <span class='ocrx_word' id='word_1_61' title='bbox 1045 487 1069 518; x_wconf 91' lang='lat' dir='ltr'><strong>e</strong></span> <span class='ocrx_word' id='word_1_62' title='bbox 1096 476 1234 519; x_wconf 89' lang='lat' dir='ltr'><strong>multis</strong></span> <span class='ocrx_word' id='word_1_63' title='bbox 1253 476 1331 519; x_wconf 85' lang='lat' dir='ltr'><strong>illis</strong></span> <span class='ocrx_word' id='word_1_64' title='bbox 1357 476 1458 519; x_wconf 88' lang='lat' dir='ltr'><strong>locis</strong></span> <span class='ocrx_word' id='word_1_65' title='bbox 1477 475 1627 529; x_wconf 88' lang='lat' dir='ltr'><strong>quibus</strong></span> <span class='ocrx_word' id='word_1_66' title='bbox 1646 473 1807 519; x_wconf 86' lang='lat' dir='ltr'><strong>Cestius</strong></span> <span class='ocrx_word' id='word_1_67' title='bbox 1825 470 2048 531; x_wconf 76' lang='lat' dir='ltr'><strong>discipulos</strong></span> <span class='ocrx_word' id='word_1_68' title='bbox 2064 476 2334 533; x_wconf 72' lang='lat' dir='ltr'><strong>reprehendit</strong></span> <span class='ocrx_word' id='word_1_69' title='bbox 2349 489 2579 533; x_wconf 81' lang='lat' dir='ltr'><strong>eorumque</strong></span> 
     </span>
     <span class='ocr_line' id='line_1_8' title="bbox 161 541 2581 599; baseline 0 -10"><span class='ocrx_word' id='word_1_70' title='bbox 161 546 268 589; x_wconf 91' lang='lat' dir='ltr'><strong>dicta</strong></span> <span class='ocrx_word' id='word_1_71' title='bbox 295 545 463 599; x_wconf 79' lang='lat' dir='ltr'><strong>corrigit</strong></span> <span class='ocrx_word' id='word_1_72' title='bbox 489 544 604 587; x_wconf 91' lang='lat' dir='ltr'><strong>uelut</strong></span> <span class='ocrx_word' id='word_1_73' title='bbox 631 545 759 586; x_wconf 81' lang='lat' dir='ltr'><strong>contr.</strong></span> <span class='ocrx_word' id='word_1_74' title='bbox 788 543 817 585; x_wconf 91' lang='lat' dir='ltr'><strong>l.</strong></span> <span class='ocrx_word' id='word_1_75' title='bbox 847 542 886 586; x_wconf 84' lang='lat'><strong>3.</strong></span> <span class='ocrx_word' id='word_1_76' title='bbox 916 542 992 591; x_wconf 84' lang='lat'><strong>10,</strong></span> <span class='ocrx_word' id='word_1_77' title='bbox 1034 541 1119 586; x_wconf 85' lang='lat' dir='ltr'><strong>Vll.</strong></span> <span class='ocrx_word' id='word_1_78' title='bbox 1146 542 1216 586; x_wconf 77' lang='lat'><strong>23.</strong></span> <span class='ocrx_word' id='word_1_79' title='bbox 1246 543 1318 591; x_wconf 86' lang='lat'><strong>10,</strong></span> <span class='ocrx_word' id='word_1_80' title='bbox 1369 542 1537 596; x_wconf 85' lang='lat' dir='ltr'><strong>proprio</strong></span> <span class='ocrx_word' id='word_1_81' title='bbox 1571 541 1688 584; x_wconf 89' lang='lat' dir='ltr'><strong>uerbi</strong></span> <span class='ocrx_word' id='word_1_82' title='bbox 1725 552 1849 584; x_wconf 87' lang='lat' dir='ltr'><strong>sensu</strong></span> <span class='ocrx_word' id='word_1_83' title='bbox 1883 542 2091 587; x_wconf 86' lang='lat' dir='ltr'><strong>dicendi</strong></span> <span class='ocrx_word' id='word_1_84' title='bbox 2123 544 2432 597; x_wconf 79' lang='lat' dir='ltr'><strong>magistrum</strong></span> <span class='ocrx_word' id='word_1_85' title='bbox 2465 545 2581 589; x_wconf 88' lang='lat' dir='ltr'><strong>illum</strong></span> 
     </span>
     <span class='ocr_line' id='line_1_9' title="bbox 160 607 2582 665; baseline 0 -10"><span class='ocrx_word' id='word_1_86' title='bbox 160 614 284 655; x_wconf 79' lang='lat' dir='ltr'><strong>fuisse</strong></span> <span class='ocrx_word' id='word_1_87' title='bbox 311 612 488 655; x_wconf 87' lang='lat' dir='ltr'><strong>dilucide</strong></span> <span class='ocrx_word' id='word_1_88' title='bbox 506 613 686 665; x_wconf 81' lang='lat' dir='ltr'><strong>apparet,</strong></span> <span class='ocrx_word' id='word_1_89' title='bbox 711 611 780 664; x_wconf 91' lang='lat' dir='ltr'><strong>qui</strong></span> <span class='ocrx_word' id='word_1_90' title='bbox 800 610 888 663; x_wconf 89' lang='lat' dir='ltr'><strong>ipsa</strong></span> <span class='ocrx_word' id='word_1_91' title='bbox 915 609 1170 652; x_wconf 91' lang='lat' dir='ltr'><strong>institutione</strong></span> <span class='ocrx_word' id='word_1_92' title='bbox 1198 609 1437 653; x_wconf 89' lang='lat' dir='ltr'><strong>scholastica</strong></span> <span class='ocrx_word' id='word_1_93' title='bbox 1464 610 1667 652; x_wconf 87' lang='lat' dir='ltr'><strong>instruere</strong></span> <span class='ocrx_word' id='word_1_94' title='bbox 1685 607 1904 663; x_wconf 88' lang='lat' dir='ltr'><strong>discipulos</strong></span> <span class='ocrx_word' id='word_1_95' title='bbox 1922 608 2121 656; x_wconf 81' lang='lat' dir='ltr'><strong>studeret.</strong></span> <span class='ocrx_word' id='word_1_96' title='bbox 2160 609 2269 654; x_wconf 79' lang='lat' dir='ltr'><strong>Pieri</strong></span> <span class='ocrx_word' id='word_1_97' title='bbox 2298 611 2466 665; x_wconf 82' lang='lat' dir='ltr'><strong>quidem</strong></span> <span class='ocrx_word' id='word_1_98' title='bbox 2492 623 2582 656; x_wconf 86' lang='lat' dir='ltr'><strong>non</strong></span> 
     </span>
     <span class='ocr_line' id='line_1_10' title="bbox 160 675 2582 733; baseline -0 -11"><span class='ocrx_word' id='word_1_99' title='bbox 160 680 294 733; x_wconf 90' lang='lat' dir='ltr'><strong>potuit</strong></span> <span class='ocrx_word' id='word_1_100' title='bbox 321 680 421 733; x_wconf 90' lang='lat' dir='ltr'><strong>quin</strong></span> <span class='ocrx_word' id='word_1_101' title='bbox 445 690 539 722; x_wconf 90' lang='lat' dir='ltr'><strong>suas</strong></span> <span class='ocrx_word' id='word_1_102' title='bbox 581 678 708 732; x_wconf 90' lang='lat' dir='ltr'><strong>ipsius</strong></span> <span class='ocrx_word' id='word_1_103' title='bbox 736 676 1051 720; x_wconf 86' lang='lat' dir='ltr'><strong>declamationes</strong></span> <span class='ocrx_word' id='word_1_104' title='bbox 1091 680 1299 731; x_wconf 87' lang='lat' dir='ltr'><strong>tamquam</strong></span> <span class='ocrx_word' id='word_1_105' title='bbox 1327 676 1516 730; x_wconf 79' lang='lat' dir='ltr'><strong>exempla</strong></span> <span class='ocrx_word' id='word_1_106' title='bbox 1548 675 1803 720; x_wconf 85' lang='lat' dir='ltr'><strong>auditoribus</strong></span> <span class='ocrx_word' id='word_1_107' title='bbox 1835 675 2040 731; x_wconf 78' lang='lat' dir='ltr'><strong>proterret</strong></span> <span class='ocrx_word' id='word_1_108' title='bbox 2068 688 2174 731; x_wconf 66' lang='lat' dir='ltr'><strong>quse</strong></span> <span class='ocrx_word' id='word_1_109' title='bbox 2207 681 2501 731; x_wconf 81' lang='lat' dir='ltr'><strong>sequerentur,</strong></span> <span class='ocrx_word' id='word_1_110' title='bbox 2538 680 2582 722; x_wconf 88' lang='lat' dir='ltr'><strong>at</strong></span> 
     </span>
     <span class='ocr_line' id='line_1_11' title="bbox 160 743 2581 798; baseline -0 -10"><span class='ocrx_word' id='word_1_111' title='bbox 160 748 367 788; x_wconf 88' lang='lat' dir='ltr'><strong>dissimilis</strong></span> <span class='ocrx_word' id='word_1_112' title='bbox 402 749 491 788; x_wconf 89' lang='lat' dir='ltr'><strong>erat</strong></span> <span class='ocrx_word' id='word_1_113' title='bbox 523 746 691 787; x_wconf 84' lang='lat' dir='ltr'><strong>Latroni</strong></span> <span class='ocrx_word' id='word_1_114' title='bbox 731 745 801 797; x_wconf 89' lang='lat' dir='ltr'><strong>qui</strong></span> <span class='ocrx_word' id='word_1_115' title='bbox 839 744 1042 785; x_wconf 90' lang='lat' dir='ltr'><strong>elementa</strong></span> <span class='ocrx_word' id='word_1_116' title='bbox 1076 744 1166 786; x_wconf 89' lang='lat' dir='ltr'><strong>aliis</strong></span> <span class='ocrx_word' id='word_1_117' title='bbox 1202 744 1442 797; x_wconf 85' lang='lat' dir='ltr'><strong>permittens</strong></span> <span class='ocrx_word' id='word_1_118' title='bbox 1481 743 1664 786; x_wconf 87' lang='lat' dir='ltr'><strong>docenda</strong></span> <span class='ocrx_word' id='word_1_119' title='bbox 1709 755 1763 785; x_wconf 89' lang='lat' dir='ltr'><strong>ne</strong></span> <span class='ocrx_word' id='word_1_120' title='bbox 1803 743 1961 786; x_wconf 87' lang='lat' dir='ltr'><strong>audiuit</strong></span> <span class='ocrx_word' id='word_1_121' title='bbox 1982 743 2167 795; x_wconf 82' lang='lat' dir='ltr'><strong>quidem</strong></span> <span class='ocrx_word' id='word_1_122' title='bbox 2210 744 2459 798; x_wconf 83' lang='lat' dir='ltr'><strong>discipulos,</strong></span> <span class='ocrx_word' id='word_1_123' title='bbox 2506 745 2581 787; x_wconf 85' lang='lat' dir='ltr'><strong>sed</strong></span> 
     </span>
     <span class='ocr_line' id='line_1_12' title="bbox 161 809 2581 865; baseline -0 -9"><span class='ocrx_word' id='word_1_124' title='bbox 161 815 413 857; x_wconf 88' lang='lat' dir='ltr'><strong>institutione</strong></span> <span class='ocrx_word' id='word_1_125' title='bbox 447 813 684 856; x_wconf 89' lang='lat' dir='ltr'><strong>scholastica</strong></span> <span class='ocrx_word' id='word_1_126' title='bbox 724 812 803 854; x_wconf 89' lang='lat' dir='ltr'><strong>iam</strong></span> <span class='ocrx_word' id='word_1_127' title='bbox 847 811 1026 854; x_wconf 90' lang='lat' dir='ltr'><strong>imbutos</strong></span> <span class='ocrx_word' id='word_1_128' title='bbox 1067 824 1144 854; x_wconf 91' lang='lat' dir='ltr'><strong>suo</strong></span> <span class='ocrx_word' id='word_1_129' title='bbox 1185 810 1376 864; x_wconf 78' lang='lat' dir='ltr'><strong>exemplo</strong></span> <span class='ocrx_word' id='word_1_130' title='bbox 1418 810 1553 854; x_wconf 85' lang='lat' dir='ltr'><strong>uoluit</strong></span> <span class='ocrx_word' id='word_1_131' title='bbox 1591 809 1850 854; x_wconf 76' lang='lat' dir='ltr'><strong>conformare</strong></span> <span class='ocrx_word' id='word_1_132' title='bbox 1890 810 1940 855; x_wconf 81' lang='lat' dir='ltr'><strong>cf.</strong></span> <span class='ocrx_word' id='word_1_133' title='bbox 1982 810 2142 856; x_wconf 77' lang='lat' dir='ltr'><strong>dissert.</strong></span> <span class='ocrx_word' id='word_1_134' title='bbox 2183 822 2225 865; x_wconf 84' lang='lat' dir='ltr'><strong>p.</strong></span> <span class='ocrx_word' id='word_1_135' title='bbox 2270 809 2336 856; x_wconf 80' lang='lat'><strong>13.</strong></span> <span class='ocrx_word' id='word_1_136' title='bbox 2409 812 2449 857; x_wconf 91' lang='lat' dir='ltr'><strong>ls</strong></span> <span class='ocrx_word' id='word_1_137' title='bbox 2490 815 2581 857; x_wconf 87' lang='lat' dir='ltr'><strong>erat</strong></span> 
     </span>
     <span class='ocr_line' id='line_1_13' title="bbox 162 877 1746 935; baseline -0.003 -11"><span class='ocrx_word' id='word_1_138' title='bbox 162 880 480 924; x_wconf 86' lang='lat' dir='ltr'><strong>declamator</strong></span> <span class='ocrx_word' id='word_1_139' title='bbox 505 880 670 935; x_wconf 91' lang='lat' dir='ltr'><strong>qualem</strong></span> <span class='ocrx_word' id='word_1_140' title='bbox 700 877 974 931; x_wconf 83' lang='lat' dir='ltr'><strong>Quintilianus</strong></span> <span class='ocrx_word' id='word_1_141' title='bbox 1004 877 1219 921; x_wconf 86' lang='lat' dir='ltr'><strong>describit:</strong></span> <span class='ocrx_word' id='word_1_142' title='bbox 1248 877 1410 922; x_wconf 87' lang='lat' dir='ltr'><strong>Cestius</strong></span> <span class='ocrx_word' id='word_1_143' title='bbox 1437 877 1618 922; x_wconf 84' lang='lat' dir='ltr'><strong>rhetor</strong></span> <span class='ocrx_word' id='word_1_144' title='bbox 1645 878 1746 920; x_wconf 84' lang='lat' dir='ltr'><strong>erat.</strong></span> 
     </span>
    </p>
   </div>
   <div class='ocr_carea' id='block_1_4' title="bbox 644 1376 2100 1602">
    <p class='ocr_par' dir='ltr' id='par_1_4' title="bbox 644 1376 2100 1602">
     <span class='ocr_line' id='line_1_14' title="bbox 1336 1376 1407 1438; baseline 0 0"><span class='ocrx_word' id='word_1_145' title='bbox 1336 1376 1407 1438; x_wconf 87' lang='lat' dir='ltr'><strong>ss.</strong></span> 
     </span>
     <span class='ocr_line' id='line_1_15' title="bbox 644 1522 2100 1602; baseline 0 -1"><span class='ocrx_word' id='word_1_146' title='bbox 644 1525 822 1601; x_wconf 70' lang='lat' dir='ltr'><strong>Ile</strong></span> <span class='ocrx_word' id='word_1_147' title='bbox 869 1522 1577 1602; x_wconf 75' lang='lat' dir='ltr'><strong>declamandi</strong></span> <span class='ocrx_word' id='word_1_148' title='bbox 1625 1522 2100 1602; x_wconf 73' lang='lat' dir='ltr'><strong>ratione.</strong></span> 
     </span>
    </p>
   </div>
   <div class='ocr_carea' id='block_1_5' title="bbox 154 1745 2581 3207">
    <p class='ocr_par' dir='ltr' id='par_1_5' title="bbox 154 1745 2581 3207">
     <span class='ocr_line' id='line_1_16' title="bbox 295 1745 2577 1803; baseline -0.001 -12"><span class='ocrx_word' id='word_1_149' title='bbox 295 1747 457 1791; x_wconf 84' lang='lat' dir='ltr'><strong>Cestius</strong></span> <span class='ocrx_word' id='word_1_150' title='bbox 495 1758 623 1802; x_wconf 75' lang='lat' dir='ltr'><strong>qua</strong></span> <span class='ocrx_word' id='word_1_151' title='bbox 657 1745 857 1792; x_wconf 76' lang='lat' dir='ltr'><strong>fuerit</strong></span> <span class='ocrx_word' id='word_1_152' title='bbox 894 1746 1276 1793; x_wconf 73' lang='lat' dir='ltr'><strong>auctoritate</strong></span> <span class='ocrx_word' id='word_1_153' title='bbox 1311 1748 1345 1790; x_wconf 89' lang='lat' dir='ltr'><strong>si</strong></span> <span class='ocrx_word' id='word_1_154' title='bbox 1376 1748 1610 1801; x_wconf 85' lang='lat' dir='ltr'><strong>quaerimus</strong></span> <span class='ocrx_word' id='word_1_155' title='bbox 1637 1759 1661 1789; x_wconf 91' lang='lat' dir='ltr'><strong>e</strong></span> <span class='ocrx_word' id='word_1_156' title='bbox 1688 1747 1918 1803; x_wconf 85' lang='lat' dir='ltr'><strong>discipulis,</strong></span> <span class='ocrx_word' id='word_1_157' title='bbox 1944 1746 2089 1790; x_wconf 85' lang='lat' dir='ltr'><strong>rhetor</strong></span> <span class='ocrx_word' id='word_1_158' title='bbox 2124 1745 2287 1789; x_wconf 88' lang='lat' dir='ltr'><strong>uidetur</strong></span> <span class='ocrx_word' id='word_1_159' title='bbox 2324 1745 2450 1791; x_wconf 81' lang='lat' dir='ltr'><strong>fuisse</strong></span> <span class='ocrx_word' id='word_1_160' title='bbox 2493 1758 2577 1801; x_wconf 83' lang='lat' dir='ltr'><strong>quo</strong></span> 
     </span>
     <span class='ocr_line' id='line_1_17' title="bbox 159 1812 2578 1868; baseline 0 -12"><span class='ocrx_word' id='word_1_161' title='bbox 159 1815 291 1857; x_wconf 88' lang='lat' dir='ltr'><strong>nullus</strong></span> <span class='ocrx_word' id='word_1_162' title='bbox 321 1814 482 1863; x_wconf 89' lang='lat' dir='ltr'><strong>melior,</strong></span> <span class='ocrx_word' id='word_1_163' title='bbox 509 1813 644 1855; x_wconf 89' lang='lat' dir='ltr'><strong>nullus</strong></span> <span class='ocrx_word' id='word_1_164' title='bbox 672 1814 922 1868; x_wconf 89' lang='lat' dir='ltr'><strong>praeclarior</strong></span> <span class='ocrx_word' id='word_1_165' title='bbox 948 1814 1123 1856; x_wconf 90' lang='lat' dir='ltr'><strong>inueniri</strong></span> <span class='ocrx_word' id='word_1_166' title='bbox 1152 1815 1345 1868; x_wconf 87' lang='lat' dir='ltr'><strong>potuerit.</strong></span> <span class='ocrx_word' id='word_1_167' title='bbox 1410 1813 1519 1857; x_wconf 89' lang='lat' dir='ltr'><strong>Eum</strong></span> <span class='ocrx_word' id='word_1_168' title='bbox 1552 1825 1638 1857; x_wconf 89' lang='lat' dir='ltr'><strong>non</strong></span> <span class='ocrx_word' id='word_1_169' title='bbox 1670 1814 1806 1856; x_wconf 90' lang='lat' dir='ltr'><strong>solum</strong></span> <span class='ocrx_word' id='word_1_170' title='bbox 1840 1813 2120 1857; x_wconf 83' lang='lat' dir='ltr'><strong>disertissimis</strong></span> <span class='ocrx_word' id='word_1_171' title='bbox 2157 1812 2265 1857; x_wconf 90' lang='lat' dir='ltr'><strong>illius</strong></span> <span class='ocrx_word' id='word_1_172' title='bbox 2300 1814 2444 1858; x_wconf 80' lang='lat' dir='ltr'><strong>aetatis</strong></span> <span class='ocrx_word' id='word_1_173' title='bbox 2476 1814 2578 1856; x_wconf 89' lang='lat' dir='ltr'><strong>uiris</strong></span> 
     </span>
     <span class='ocr_line' id='line_1_18' title="bbox 160 1879 2578 1936; baseline 0 -12"><span class='ocrx_word' id='word_1_174' title='bbox 160 1881 454 1936; x_wconf 81' lang='lat' dir='ltr'><strong>praetulenmt,</strong></span> <span class='ocrx_word' id='word_1_175' title='bbox 482 1880 772 1934; x_wconf 84' lang='lat' dir='ltr'><strong>praetulissent</strong></span> <span class='ocrx_word' id='word_1_176' title='bbox 798 1881 922 1924; x_wconf 90' lang='lat' dir='ltr'><strong>etiam</strong></span> <span class='ocrx_word' id='word_1_177' title='bbox 950 1880 1156 1932; x_wconf 87' lang='lat' dir='ltr'><strong>Ciceroni,</strong></span> <span class='ocrx_word' id='word_1_178' title='bbox 1184 1881 1262 1925; x_wconf 90' lang='lat' dir='ltr'><strong>nisi</strong></span> <span class='ocrx_word' id='word_1_179' title='bbox 1298 1880 1453 1935; x_wconf 90' lang='lat' dir='ltr'><strong>lapides</strong></span> <span class='ocrx_word' id='word_1_180' title='bbox 1479 1880 1713 1925; x_wconf 86' lang='lat' dir='ltr'><strong>timuissent</strong></span> <span class='ocrx_word' id='word_1_181' title='bbox 1746 1881 1798 1925; x_wconf 83' lang='lat' dir='ltr'><strong>cl&#39;.</strong></span> <span class='ocrx_word' id='word_1_182' title='bbox 1833 1879 1929 1925; x_wconf 89' lang='lat' dir='ltr'><strong>Sen.</strong></span> <span class='ocrx_word' id='word_1_183' title='bbox 1956 1892 2046 1926; x_wconf 84' lang='lat' dir='ltr'><strong>exc.</strong></span> <span class='ocrx_word' id='word_1_184' title='bbox 2078 1881 2211 1925; x_wconf 87' lang='lat' dir='ltr'><strong>contr.</strong></span> <span class='ocrx_word' id='word_1_185' title='bbox 2244 1879 2313 1923; x_wconf 91' lang='lat'><strong>111.</strong></span> <span class='ocrx_word' id='word_1_186' title='bbox 2347 1879 2476 1935; x_wconf 82' lang='lat' dir='ltr'><strong>praef.</strong></span> <span class='ocrx_word' id='word_1_187' title='bbox 2513 1879 2578 1925; x_wconf 83' lang='lat'><strong>15.</strong></span> 
     </span>
     <span class='ocr_line' id='line_1_19' title="bbox 160 1946 2579 2003; baseline -0 -12"><span class='ocrx_word' id='word_1_188' title='bbox 160 1948 303 1991; x_wconf 84' lang='lat' dir='ltr'><strong>Nonne</strong></span> <span class='ocrx_word' id='word_1_189' title='bbox 330 1950 457 2003; x_wconf 83' lang='lat' dir='ltr'><strong>igitur</strong></span> <span class='ocrx_word' id='word_1_190' title='bbox 483 1949 518 1990; x_wconf 92' lang='lat' dir='ltr'><strong>is</strong></span> <span class='ocrx_word' id='word_1_191' title='bbox 547 1959 690 1991; x_wconf 90' lang='lat' dir='ltr'><strong>omnes</strong></span> <span class='ocrx_word' id='word_1_192' title='bbox 718 1948 884 1991; x_wconf 87' lang='lat' dir='ltr'><strong>uidetur</strong></span> <span class='ocrx_word' id='word_1_193' title='bbox 909 1949 1113 1992; x_wconf 80' lang='lat' dir='ltr'><strong>anteisse?</strong></span> <span class='ocrx_word' id='word_1_194' title='bbox 1167 1948 1311 2002; x_wconf 86' lang='lat' dir='ltr'><strong>Neque</strong></span> <span class='ocrx_word' id='word_1_195' title='bbox 1337 1960 1441 1991; x_wconf 90' lang='lat' dir='ltr'><strong>uero</strong></span> <span class='ocrx_word' id='word_1_196' title='bbox 1466 1948 1675 1991; x_wconf 88' lang='lat' dir='ltr'><strong>auditores</strong></span> <span class='ocrx_word' id='word_1_197' title='bbox 1701 1948 1835 1991; x_wconf 90' lang='lat' dir='ltr'><strong>solum</strong></span> <span class='ocrx_word' id='word_1_198' title='bbox 1861 1948 1917 1991; x_wconf 84' lang='lat' dir='ltr'><strong>ita</strong></span> <span class='ocrx_word' id='word_1_199' title='bbox 1936 1947 2170 1992; x_wconf 85' lang='lat' dir='ltr'><strong>iudicabant</strong></span> <span class='ocrx_word' id='word_1_200' title='bbox 2186 1959 2362 2001; x_wconf 86' lang='lat' dir='ltr'><strong>quorum</strong></span> <span class='ocrx_word' id='word_1_201' title='bbox 2379 1946 2579 1991; x_wconf 88' lang='lat' dir='ltr'><strong>iudicium</strong></span> 
     </span>
     <span class='ocr_line' id='line_1_20' title="bbox 160 2015 2577 2070; baseline 0 -12"><span class='ocrx_word' id='word_1_202' title='bbox 160 2018 289 2058; x_wconf 91' lang='lat' dir='ltr'><strong>leuius</strong></span> <span class='ocrx_word' id='word_1_203' title='bbox 320 2020 441 2065; x_wconf 90' lang='lat' dir='ltr'><strong>esset,</strong></span> <span class='ocrx_word' id='word_1_204' title='bbox 470 2017 663 2069; x_wconf 90' lang='lat' dir='ltr'><strong>quoniam</strong></span> <span class='ocrx_word' id='word_1_205' title='bbox 692 2017 913 2058; x_wconf 86' lang='lat' dir='ltr'><strong>maximam</strong></span> <span class='ocrx_word' id='word_1_206' title='bbox 940 2020 1101 2069; x_wconf 85' lang='lat' dir='ltr'><strong>partem</strong></span> <span class='ocrx_word' id='word_1_207' title='bbox 1129 2018 1246 2069; x_wconf 91' lang='lat' dir='ltr'><strong>pueri</strong></span> <span class='ocrx_word' id='word_1_208' title='bbox 1281 2019 1355 2058; x_wconf 89' lang='lat' dir='ltr'><strong>aut</strong></span> <span class='ocrx_word' id='word_1_209' title='bbox 1388 2017 1559 2059; x_wconf 87' lang='lat' dir='ltr'><strong>iuuenes</strong></span> <span class='ocrx_word' id='word_1_210' title='bbox 1592 2016 1752 2059; x_wconf 89' lang='lat' dir='ltr'><strong>scholas</strong></span> <span class='ocrx_word' id='word_1_211' title='bbox 1783 2016 2117 2070; x_wconf 75' lang='lat' dir='ltr'><strong>tl-equentabant,</strong></span> <span class='ocrx_word' id='word_1_212' title='bbox 2152 2016 2476 2059; x_wconf 81' lang='lat' dir='ltr'><strong>assentiebantur</strong></span> <span class='ocrx_word' id='word_1_213' title='bbox 2508 2015 2577 2059; x_wconf 87' lang='lat' dir='ltr'><strong>alii</strong></span> 
     </span>
     <span class='ocr_line' id='line_1_21' title="bbox 161 2080 2581 2139; baseline 0 -13"><span class='ocrx_word' id='word_1_214' title='bbox 161 2083 288 2126; x_wconf 88' lang='lat' dir='ltr'><strong>multi.</strong></span> <span class='ocrx_word' id='word_1_215' title='bbox 345 2082 637 2138; x_wconf 82' lang='lat' dir='ltr'><strong>copiosissime</strong></span> <span class='ocrx_word' id='word_1_216' title='bbox 664 2083 773 2127; x_wconf 89' lang='lat' dir='ltr'><strong>enim</strong></span> <span class='ocrx_word' id='word_1_217' title='bbox 802 2082 982 2138; x_wconf 90' lang='lat' dir='ltr'><strong>disputat</strong></span> <span class='ocrx_word' id='word_1_218' title='bbox 1009 2083 1053 2127; x_wconf 93' lang='lat' dir='ltr'><strong>in</strong></span> <span class='ocrx_word' id='word_1_219' title='bbox 1080 2082 1148 2127; x_wconf 88' lang='lat' dir='ltr'><strong>illa</strong></span> <span class='ocrx_word' id='word_1_220' title='bbox 1176 2082 1429 2139; x_wconf 79' lang='lat' dir='ltr'><strong>praefatione</strong></span> <span class='ocrx_word' id='word_1_221' title='bbox 1459 2081 1622 2128; x_wconf 85' lang='lat' dir='ltr'><strong>Cassius</strong></span> <span class='ocrx_word' id='word_1_222' title='bbox 1650 2081 1830 2128; x_wconf 89' lang='lat' dir='ltr'><strong>Seuerus</strong></span> <span class='ocrx_word' id='word_1_223' title='bbox 1857 2082 1910 2127; x_wconf 90' lang='lat' dir='ltr'><strong>de</strong></span> <span class='ocrx_word' id='word_1_224' title='bbox 1937 2081 2172 2128; x_wconf 86' lang='lat' dir='ltr'><strong>discrimine</strong></span> <span class='ocrx_word' id='word_1_225' title='bbox 2207 2081 2317 2137; x_wconf 92' lang='lat' dir='ltr'><strong>quod</strong></span> <span class='ocrx_word' id='word_1_226' title='bbox 2355 2080 2581 2135; x_wconf 80' lang='lat' dir='ltr'><strong>intercedat</strong></span> 
     </span>
     <span class='ocr_line' id='line_1_22' title="bbox 161 2149 2581 2206; baseline -0 -14"><span class='ocrx_word' id='word_1_227' title='bbox 161 2151 267 2193; x_wconf 87' lang='lat' dir='ltr'><strong>inter</strong></span> <span class='ocrx_word' id='word_1_228' title='bbox 293 2151 497 2193; x_wconf 85' lang='lat' dir='ltr'><strong>sorensem</strong></span> <span class='ocrx_word' id='word_1_229' title='bbox 525 2151 800 2204; x_wconf 90' lang='lat' dir='ltr'><strong>eloquentiam</strong></span> <span class='ocrx_word' id='word_1_230' title='bbox 830 2153 874 2194; x_wconf 92' lang='lat' dir='ltr'><strong>et</strong></span> <span class='ocrx_word' id='word_1_231' title='bbox 909 2150 1211 2200; x_wconf 87' lang='lat' dir='ltr'><strong>scholasticam,</strong></span> <span class='ocrx_word' id='word_1_232' title='bbox 1248 2151 1291 2194; x_wconf 89' lang='lat' dir='ltr'><strong>in</strong></span> <span class='ocrx_word' id='word_1_233' title='bbox 1325 2162 1404 2205; x_wconf 93' lang='lat' dir='ltr'><strong>qua</strong></span> <span class='ocrx_word' id='word_1_234' title='bbox 1439 2151 1715 2206; x_wconf 87' lang='lat' dir='ltr'><strong>disputatione</strong></span> <span class='ocrx_word' id='word_1_235' title='bbox 1748 2153 1968 2205; x_wconf 87' lang='lat' dir='ltr'><strong>postquam</strong></span> <span class='ocrx_word' id='word_1_236' title='bbox 2005 2149 2195 2204; x_wconf 85' lang='lat' dir='ltr'><strong>exposuit</strong></span> <span class='ocrx_word' id='word_1_237' title='bbox 2230 2160 2303 2192; x_wconf 91' lang='lat' dir='ltr'><strong>cur</strong></span> <span class='ocrx_word' id='word_1_238' title='bbox 2336 2150 2426 2204; x_wconf 88' lang='lat' dir='ltr'><strong>ipse</strong></span> <span class='ocrx_word' id='word_1_239' title='bbox 2450 2149 2581 2193; x_wconf 81' lang='lat' dir='ltr'><strong>nollet</strong></span> 
     </span>
     <span class='ocr_line' id='line_1_23' title="bbox 159 2217 2577 2271; baseline 0 -13"><span class='ocrx_word' id='word_1_240' title='bbox 159 2218 398 2266; x_wconf 88' lang='lat' dir='ltr'><strong>declamare,</strong></span> <span class='ocrx_word' id='word_1_241' title='bbox 424 2218 526 2259; x_wconf 85' lang='lat' dir='ltr'><strong>haec</strong></span> <span class='ocrx_word' id='word_1_242' title='bbox 552 2219 683 2259; x_wconf 88' lang='lat' dir='ltr'><strong>addit:</strong></span> <span class='ocrx_word' id='word_1_243' title='bbox 712 2218 1058 2271; x_wconf 82' lang='lat' dir='ltr'><strong>„Diligentissime</strong></span> <span class='ocrx_word' id='word_1_244' title='bbox 1085 2218 1159 2259; x_wconf 92' lang='lat' dir='ltr'><strong>tibi</strong></span> <span class='ocrx_word' id='word_1_245' title='bbox 1184 2229 1252 2260; x_wconf 91' lang='lat' dir='ltr'><strong>me</strong></span> <span class='ocrx_word' id='word_1_246' title='bbox 1284 2229 1544 2266; x_wconf 84' lang='lat' dir='ltr'><strong>excusarem,</strong></span> <span class='ocrx_word' id='word_1_247' title='bbox 1577 2221 1789 2271; x_wconf 85' lang='lat' dir='ltr'><strong>tamquam</strong></span> <span class='ocrx_word' id='word_1_248' title='bbox 1816 2219 1912 2260; x_wconf 89' lang='lat' dir='ltr'><strong>huie</strong></span> <span class='ocrx_word' id='word_1_249' title='bbox 1937 2218 2000 2259; x_wconf 90' lang='lat' dir='ltr'><strong>rei</strong></span> <span class='ocrx_word' id='word_1_250' title='bbox 2035 2228 2120 2259; x_wconf 93' lang='lat' dir='ltr'><strong>non</strong></span> <span class='ocrx_word' id='word_1_251' title='bbox 2152 2228 2287 2260; x_wconf 90' lang='lat' dir='ltr'><strong>essem</strong></span> <span class='ocrx_word' id='word_1_252' title='bbox 2320 2220 2464 2266; x_wconf 89' lang='lat' dir='ltr'><strong>natus,</strong></span> <span class='ocrx_word' id='word_1_253' title='bbox 2498 2217 2577 2263; x_wconf 82' lang='lat' dir='ltr'><strong>nisi</strong></span> 
     </span>
     <span class='ocr_line' id='line_1_24' title="bbox 157 2282 2577 2339; baseline 0 -13"><span class='ocrx_word' id='word_1_254' title='bbox 157 2284 306 2326; x_wconf 91' lang='lat' dir='ltr'><strong>scirem</strong></span> <span class='ocrx_word' id='word_1_255' title='bbox 336 2287 377 2326; x_wconf 86' lang='lat' dir='ltr'><strong>et</strong></span> <span class='ocrx_word' id='word_1_256' title='bbox 403 2284 631 2327; x_wconf 89' lang='lat' dir='ltr'><strong>Pollionem</strong></span> <span class='ocrx_word' id='word_1_257' title='bbox 658 2283 846 2327; x_wconf 80' lang='lat' dir='ltr'><strong>Asinium</strong></span> <span class='ocrx_word' id='word_1_258' title='bbox 874 2286 917 2327; x_wconf 91' lang='lat' dir='ltr'><strong>et</strong></span> <span class='ocrx_word' id='word_1_259' title='bbox 943 2283 1177 2328; x_wconf 85' lang='lat' dir='ltr'><strong>Messallam</strong></span> <span class='ocrx_word' id='word_1_260' title='bbox 1206 2283 1432 2328; x_wconf 90' lang='lat' dir='ltr'><strong>Coruinum</strong></span> <span class='ocrx_word' id='word_1_261' title='bbox 1464 2288 1507 2327; x_wconf 90' lang='lat' dir='ltr'><strong>et</strong></span> <span class='ocrx_word' id='word_1_262' title='bbox 1533 2284 1773 2329; x_wconf 90' lang='lat' dir='ltr'><strong>Passienum</strong></span> <span class='ocrx_word' id='word_1_263' title='bbox 1801 2283 1872 2339; x_wconf 90' lang='lat' dir='ltr'><strong>qui</strong></span> <span class='ocrx_word' id='word_1_264' title='bbox 1897 2294 2008 2328; x_wconf 89' lang='lat' dir='ltr'><strong>nunc</strong></span> <span class='ocrx_word' id='word_1_265' title='bbox 2034 2283 2169 2338; x_wconf 90' lang='lat' dir='ltr'><strong>primo</strong></span> <span class='ocrx_word' id='word_1_266' title='bbox 2204 2282 2298 2327; x_wconf 92' lang='lat' dir='ltr'><strong>loco</strong></span> <span class='ocrx_word' id='word_1_267' title='bbox 2322 2285 2405 2327; x_wconf 92' lang='lat' dir='ltr'><strong>stat</strong></span> <span class='ocrx_word' id='word_1_268' title='bbox 2442 2282 2577 2327; x_wconf 87' lang='lat' dir='ltr'><strong>minus</strong></span> 
     </span>
     <span class='ocr_line' id='line_1_25' title="bbox 157 2350 2577 2406; baseline 0 -13"><span class='ocrx_word' id='word_1_269' title='bbox 157 2352 266 2393; x_wconf 87' lang='lat' dir='ltr'><strong>bene</strong></span> <span class='ocrx_word' id='word_1_270' title='bbox 301 2350 431 2396; x_wconf 85' lang='lat' dir='ltr'><strong>uideri</strong></span> <span class='ocrx_word' id='word_1_271' title='bbox 466 2364 589 2405; x_wconf 92' lang='lat' dir='ltr'><strong>quam</strong></span> <span class='ocrx_word' id='word_1_272' title='bbox 628 2351 812 2394; x_wconf 89' lang='lat' dir='ltr'><strong>Cestium</strong></span> <span class='ocrx_word' id='word_1_273' title='bbox 848 2354 920 2393; x_wconf 89' lang='lat' dir='ltr'><strong>aut</strong></span> <span class='ocrx_word' id='word_1_274' title='bbox 953 2350 1215 2394; x_wconf 86' lang='lat' dir='ltr'><strong>Latronem“.</strong></span> <span class='ocrx_word' id='word_1_275' title='bbox 1285 2351 1377 2395; x_wconf 90' lang='lat' dir='ltr'><strong>Hoc</strong></span> <span class='ocrx_word' id='word_1_276' title='bbox 1418 2351 1545 2406; x_wconf 80' lang='lat' dir='ltr'><strong>igitur</strong></span> <span class='ocrx_word' id='word_1_277' title='bbox 1586 2351 1785 2395; x_wconf 86' lang='lat' dir='ltr'><strong>iudicium</strong></span> <span class='ocrx_word' id='word_1_278' title='bbox 1828 2351 1955 2395; x_wconf 77' lang='lat' dir='ltr'><strong>fuisse</strong></span> <span class='ocrx_word' id='word_1_279' title='bbox 1986 2350 2217 2405; x_wconf 89' lang='lat' dir='ltr'><strong>aequalium</strong></span> <span class='ocrx_word' id='word_1_280' title='bbox 2253 2350 2323 2404; x_wconf 89' lang='lat' dir='ltr'><strong>qui</strong></span> <span class='ocrx_word' id='word_1_281' title='bbox 2362 2361 2437 2394; x_wconf 83' lang='lat' dir='ltr'><strong>sua</strong></span> <span class='ocrx_word' id='word_1_282' title='bbox 2470 2350 2577 2393; x_wconf 77' lang='lat' dir='ltr'><strong>fama</strong></span> 
     </span>
     <span class='ocr_line' id='line_1_26' title="bbox 157 2416 2576 2472; baseline -0.001 -11"><span class='ocrx_word' id='word_1_283' title='bbox 157 2417 343 2461; x_wconf 89' lang='lat' dir='ltr'><strong>Cestium</strong></span> <span class='ocrx_word' id='word_1_284' title='bbox 377 2420 724 2470; x_wconf 89' lang='lat' dir='ltr'><strong>prosequerentur</strong></span> <span class='ocrx_word' id='word_1_285' title='bbox 767 2418 975 2460; x_wconf 89' lang='lat' dir='ltr'><strong>neminem</strong></span> <span class='ocrx_word' id='word_1_286' title='bbox 1009 2418 1150 2471; x_wconf 80' lang='lat' dir='ltr'><strong>fugiet.</strong></span> <span class='ocrx_word' id='word_1_287' title='bbox 1234 2420 1371 2471; x_wconf 79' lang='lat' dir='ltr'><strong>Atque</strong></span> <span class='ocrx_word' id='word_1_288' title='bbox 1405 2430 1501 2461; x_wconf 93' lang='lat' dir='ltr'><strong>cum</strong></span> <span class='ocrx_word' id='word_1_289' title='bbox 1535 2420 1806 2472; x_wconf 72' lang='lat' dir='ltr'><strong>componatur</strong></span> <span class='ocrx_word' id='word_1_290' title='bbox 1838 2429 1863 2461; x_wconf 87' lang='lat' dir='ltr'><strong>a</strong></span> <span class='ocrx_word' id='word_1_291' title='bbox 1901 2416 2045 2460; x_wconf 86' lang='lat' dir='ltr'><strong>Cassio</strong></span> <span class='ocrx_word' id='word_1_292' title='bbox 2079 2428 2175 2459; x_wconf 88' lang='lat' dir='ltr'><strong>cum</strong></span> <span class='ocrx_word' id='word_1_293' title='bbox 2210 2416 2410 2465; x_wconf 59' lang='lat' dir='ltr'><strong>latrone,</strong></span> <span class='ocrx_word' id='word_1_294' title='bbox 2452 2428 2576 2470; x_wconf 85' lang='lat' dir='ltr'><strong>quem</strong></span> 
     </span>
     <span class='ocr_line' id='line_1_27' title="bbox 158 2480 2575 2537; baseline -0 -11"><span class='ocrx_word' id='word_1_295' title='bbox 158 2483 314 2526; x_wconf 82' lang='lat' dir='ltr'><strong>Seneca</strong></span> <span class='ocrx_word' id='word_1_296' title='bbox 342 2484 430 2536; x_wconf 89' lang='lat' dir='ltr'><strong>ipse</strong></span> <span class='ocrx_word' id='word_1_297' title='bbox 457 2487 586 2525; x_wconf 86' lang='lat' dir='ltr'><strong>contr.</strong></span> <span class='ocrx_word' id='word_1_298' title='bbox 614 2484 738 2525; x_wconf 84' lang='lat' dir='ltr'><strong>Vllll.</strong></span> <span class='ocrx_word' id='word_1_299' title='bbox 770 2484 897 2536; x_wconf 79' lang='lat' dir='ltr'><strong>praef.</strong></span> <span class='ocrx_word' id='word_1_300' title='bbox 926 2484 966 2531; x_wconf 82' lang='lat'><strong>3,</strong></span> <span class='ocrx_word' id='word_1_301' title='bbox 994 2485 1025 2526; x_wconf 93' lang='lat' dir='ltr'><strong>l.</strong></span> <span class='ocrx_word' id='word_1_302' title='bbox 1044 2480 1181 2537; x_wconf 77' lang='lat' dir='ltr'><strong>&#39;prael&#39;-</strong></span> <span class='ocrx_word' id='word_1_303' title='bbox 1210 2481 1267 2528; x_wconf 77' lang='lat'><strong>24</strong></span> <span class='ocrx_word' id='word_1_304' title='bbox 1294 2484 1638 2534; x_wconf 82' lang='lat' dir='ltr'><strong>„declamatoriae</strong></span> <span class='ocrx_word' id='word_1_305' title='bbox 1666 2483 1831 2527; x_wconf 72' lang='lat' dir='ltr'><strong>uirtutis</strong></span> <span class='ocrx_word' id='word_1_306' title='bbox 1858 2483 2026 2526; x_wconf 86' lang='lat' dir='ltr'><strong>unicum</strong></span> <span class='ocrx_word' id='word_1_307' title='bbox 2054 2483 2316 2537; x_wconf 83' lang='lat' dir='ltr'><strong>exemplum“</strong></span> <span class='ocrx_word' id='word_1_308' title='bbox 2343 2482 2465 2532; x_wconf 86' lang='lat' dir='ltr'><strong>dicit,</strong></span> <span class='ocrx_word' id='word_1_309' title='bbox 2491 2494 2575 2535; x_wconf 86' lang='lat' dir='ltr'><strong>quo</strong></span> 
     </span>
     <span class='ocr_line' id='line_1_28' title="bbox 157 2549 2573 2606; baseline 0 -13"><span class='ocrx_word' id='word_1_310' title='bbox 157 2552 256 2594; x_wconf 86' lang='lat' dir='ltr'><strong>nihil</strong></span> <span class='ocrx_word' id='word_1_311' title='bbox 300 2551 466 2604; x_wconf 80' lang='lat' dir='ltr'><strong>grauius</strong></span> <span class='ocrx_word' id='word_1_312' title='bbox 493 2551 593 2594; x_wconf 87' lang='lat' dir='ltr'><strong>nibil</strong></span> <span class='ocrx_word' id='word_1_313' title='bbox 622 2552 710 2594; x_wconf 93' lang='lat' dir='ltr'><strong>eius</strong></span> <span class='ocrx_word' id='word_1_314' title='bbox 753 2551 988 2605; x_wconf 90' lang='lat' dir='ltr'><strong>eloquentia</strong></span> <span class='ocrx_word' id='word_1_315' title='bbox 1016 2551 1178 2606; x_wconf 81' lang='lat' dir='ltr'><strong>dignius</strong></span> <span class='ocrx_word' id='word_1_316' title='bbox 1209 2552 1274 2601; x_wconf 87' lang='lat' dir='ltr'><strong>sit,</strong></span> <span class='ocrx_word' id='word_1_317' title='bbox 1301 2564 1350 2595; x_wconf 90' lang='lat' dir='ltr'><strong>re</strong></span> <span class='ocrx_word' id='word_1_318' title='bbox 1378 2564 1477 2596; x_wconf 91' lang='lat' dir='ltr'><strong>uera</strong></span> <span class='ocrx_word' id='word_1_319' title='bbox 1505 2551 1697 2596; x_wconf 89' lang='lat' dir='ltr'><strong>Cestiana</strong></span> <span class='ocrx_word' id='word_1_320' title='bbox 1731 2550 1865 2605; x_wconf 77' lang='lat' dir='ltr'><strong>gloria</strong></span> <span class='ocrx_word' id='word_1_321' title='bbox 1896 2562 1983 2595; x_wconf 90' lang='lat' dir='ltr'><strong>non</strong></span> <span class='ocrx_word' id='word_1_322' title='bbox 2017 2552 2180 2604; x_wconf 87' lang='lat' dir='ltr'><strong>poterat</strong></span> <span class='ocrx_word' id='word_1_323' title='bbox 2215 2561 2308 2594; x_wconf 88' lang='lat' dir='ltr'><strong>esse</strong></span> <span class='ocrx_word' id='word_1_324' title='bbox 2342 2549 2573 2596; x_wconf 86' lang='lat' dir='ltr'><strong>mediocris.</strong></span> 
     </span>
     <span class='ocr_line' id='line_1_29' title="bbox 157 2608 2574 2673; baseline 0 -14"><span class='ocrx_word' id='word_1_325' title='bbox 157 2617 325 2660; x_wconf 81' lang='lat' dir='ltr'><strong>Accedit</strong></span> <span class='ocrx_word' id='word_1_326' title='bbox 355 2617 480 2659; x_wconf 90' lang='lat' dir='ltr'><strong>etiam</strong></span> <span class='ocrx_word' id='word_1_327' title='bbox 498 2615 680 2660; x_wconf 90' lang='lat' dir='ltr'><strong>Suetonii</strong></span> <span class='ocrx_word' id='word_1_328' title='bbox 707 2618 1002 2668; x_wconf 90' lang='lat' dir='ltr'><strong>testimonium,</strong></span> <span class='ocrx_word' id='word_1_329' title='bbox 1032 2619 1101 2673; x_wconf 91' lang='lat' dir='ltr'><strong>qui</strong></span> <span class='ocrx_word' id='word_1_330' title='bbox 1130 2630 1225 2661; x_wconf 91' lang='lat' dir='ltr'><strong>cum</strong></span> <span class='ocrx_word' id='word_1_331' title='bbox 1252 2621 1430 2662; x_wconf 83' lang='lat' dir='ltr'><strong>exeunte</strong></span> <span class='ocrx_word' id='word_1_332' title='bbox 1457 2619 1590 2673; x_wconf 88' lang='lat' dir='ltr'><strong>capite</strong></span> <span class='ocrx_word' id='word_1_333' title='bbox 1617 2618 1753 2673; x_wconf 90' lang='lat' dir='ltr'><strong>primo</strong></span> <span class='ocrx_word' id='word_1_334' title='bbox 1778 2617 1871 2660; x_wconf 85' lang='lat' dir='ltr'><strong>libri</strong></span> <span class='ocrx_word' id='word_1_335' title='bbox 1890 2617 1944 2660; x_wconf 88' lang='lat' dir='ltr'><strong>de</strong></span> <span class='ocrx_word' id='word_1_336' title='bbox 1966 2616 2084 2660; x_wconf 87' lang='lat' dir='ltr'><strong>claris</strong></span> <span class='ocrx_word' id='word_1_337' title='bbox 2101 2616 2334 2662; x_wconf 83' lang='lat' dir='ltr'><strong>rhetoribus</strong></span> <span class='ocrx_word' id='word_1_338' title='bbox 2352 2608 2574 2671; x_wconf 69' lang='lat' dir='ltr'><strong>conscripti</strong></span> 
     </span>
     <span class='ocr_line' id='line_1_30' title="bbox 158 2683 2571 2739; baseline 0 -15"><span class='ocrx_word' id='word_1_339' title='bbox 158 2683 464 2736; x_wconf 83' lang='lat' dir='ltr'><strong>quodammodo</strong></span> <span class='ocrx_word' id='word_1_340' title='bbox 492 2684 693 2735; x_wconf 78' lang='lat' dir='ltr'><strong>praefatus</strong></span> <span class='ocrx_word' id='word_1_341' title='bbox 722 2688 832 2726; x_wconf 89' lang='lat' dir='ltr'><strong>esset</strong></span> <span class='ocrx_word' id='word_1_342' title='bbox 863 2686 1069 2733; x_wconf 78' lang='lat' dir='ltr'><strong>„illustres</strong></span> <span class='ocrx_word' id='word_1_343' title='bbox 1096 2686 1351 2739; x_wconf 80' lang='lat' dir='ltr'><strong>professores</strong></span> <span class='ocrx_word' id='word_1_344' title='bbox 1375 2689 1418 2729; x_wconf 93' lang='lat' dir='ltr'><strong>et</strong></span> <span class='ocrx_word' id='word_1_345' title='bbox 1445 2697 1623 2739; x_wconf 87' lang='lat' dir='ltr'><strong>quorum</strong></span> <span class='ocrx_word' id='word_1_346' title='bbox 1650 2685 1851 2727; x_wconf 83' lang='lat' dir='ltr'><strong>memoria</strong></span> <span class='ocrx_word' id='word_1_347' title='bbox 1878 2684 2014 2736; x_wconf 83' lang='lat' dir='ltr'><strong>aliqua</strong></span> <span class='ocrx_word' id='word_1_348' title='bbox 2041 2687 2156 2728; x_wconf 85' lang='lat' dir='ltr'><strong>extet</strong></span> <span class='ocrx_word' id='word_1_349' title='bbox 2190 2696 2274 2727; x_wconf 86' lang='lat' dir='ltr'><strong>non</strong></span> <span class='ocrx_word' id='word_1_350' title='bbox 2307 2686 2467 2728; x_wconf 87' lang='lat' dir='ltr'><strong>temere</strong></span> <span class='ocrx_word' id='word_1_351' title='bbox 2500 2684 2571 2727; x_wconf 88' lang='lat' dir='ltr'><strong>alii</strong></span> 
     </span>
     <span class='ocr_line' id='line_1_31' title="bbox 155 2749 2572 2807; baseline 0.002 -15"><span class='ocrx_word' id='word_1_352' title='bbox 155 2751 414 2804; x_wconf 85' lang='lat' dir='ltr'><strong>reperientur</strong></span> <span class='ocrx_word' id='word_1_353' title='bbox 446 2761 570 2803; x_wconf 93' lang='lat' dir='ltr'><strong>quam</strong></span> <span class='ocrx_word' id='word_1_354' title='bbox 601 2750 653 2793; x_wconf 91' lang='lat' dir='ltr'><strong>de</strong></span> <span class='ocrx_word' id='word_1_355' title='bbox 679 2751 826 2804; x_wconf 90' lang='lat' dir='ltr'><strong>quibus</strong></span> <span class='ocrx_word' id='word_1_356' title='bbox 848 2751 1047 2802; x_wconf 87' lang='lat' dir='ltr'><strong>tradam“,</strong></span> <span class='ocrx_word' id='word_1_357' title='bbox 1086 2753 1128 2795; x_wconf 91' lang='lat' dir='ltr'><strong>in</strong></span> <span class='ocrx_word' id='word_1_358' title='bbox 1169 2752 1218 2796; x_wconf 90' lang='lat' dir='ltr'><strong>iis</strong></span> <span class='ocrx_word' id='word_1_359' title='bbox 1247 2764 1351 2807; x_wconf 89' lang='lat' dir='ltr'><strong>quos</strong></span> <span class='ocrx_word' id='word_1_360' title='bbox 1378 2751 1516 2797; x_wconf 89' lang='lat' dir='ltr'><strong>laudat</strong></span> <span class='ocrx_word' id='word_1_361' title='bbox 1542 2751 1727 2797; x_wconf 73' lang='lat' dir='ltr'><strong>Cestium</strong></span> <span class='ocrx_word' id='word_1_362' title='bbox 1762 2750 1884 2796; x_wconf 82' lang='lat' dir='ltr'><strong>Pium</strong></span> <span class='ocrx_word' id='word_1_363' title='bbox 1922 2763 1998 2796; x_wconf 90' lang='lat' dir='ltr'><strong>suo</strong></span> <span class='ocrx_word' id='word_1_364' title='bbox 2025 2751 2120 2796; x_wconf 88' lang='lat' dir='ltr'><strong>loeo</strong></span> <span class='ocrx_word' id='word_1_365' title='bbox 2145 2752 2451 2807; x_wconf 80' lang='lat' dir='ltr'><strong>proposuerat..</strong></span> <span class='ocrx_word' id='word_1_366' title='bbox 2487 2749 2572 2796; x_wconf 85' lang='lat' dir='ltr'><strong>Sed</strong></span> 
     </span>
     <span class='ocr_line' id='line_1_32' title="bbox 157 2816 2573 2872; baseline 0.001 -14"><span class='ocrx_word' id='word_1_367' title='bbox 157 2819 371 2870; x_wconf 86' lang='lat' dir='ltr'><strong>quantauis</strong></span> <span class='ocrx_word' id='word_1_368' title='bbox 391 2818 480 2858; x_wconf 86' lang='lat' dir='ltr'><strong>eius</strong></span> <span class='ocrx_word' id='word_1_369' title='bbox 500 2816 628 2870; x_wconf 84' lang='lat' dir='ltr'><strong>gloria</strong></span> <span class='ocrx_word' id='word_1_370' title='bbox 651 2817 736 2866; x_wconf 80' lang='lat' dir='ltr'><strong>fuit,</strong></span> <span class='ocrx_word' id='word_1_371' title='bbox 763 2830 847 2860; x_wconf 91' lang='lat' dir='ltr'><strong>non</strong></span> <span class='ocrx_word' id='word_1_372' title='bbox 869 2819 946 2860; x_wconf 81' lang='lat' dir='ltr'><strong>fuit</strong></span> <span class='ocrx_word' id='word_1_373' title='bbox 966 2820 1043 2861; x_wconf 90' lang='lat' dir='ltr'><strong>nisi</strong></span> <span class='ocrx_word' id='word_1_374' title='bbox 1064 2819 1173 2872; x_wconf 91' lang='lat' dir='ltr'><strong>apud</strong></span> <span class='ocrx_word' id='word_1_375' title='bbox 1201 2831 1273 2862; x_wconf 90' lang='lat' dir='ltr'><strong>eos</strong></span> <span class='ocrx_word' id='word_1_376' title='bbox 1292 2820 1363 2872; x_wconf 91' lang='lat' dir='ltr'><strong>qui</strong></span> <span class='ocrx_word' id='word_1_377' title='bbox 1381 2820 1596 2862; x_wconf 89' lang='lat' dir='ltr'><strong>rhetoricis</strong></span> <span class='ocrx_word' id='word_1_378' title='bbox 1618 2818 1761 2861; x_wconf 88' lang='lat' dir='ltr'><strong>studiis</strong></span> <span class='ocrx_word' id='word_1_379' title='bbox 1789 2818 1981 2862; x_wconf 83' lang='lat' dir='ltr'><strong>oblectati</strong></span> <span class='ocrx_word' id='word_1_380' title='bbox 2000 2820 2045 2861; x_wconf 89' lang='lat' dir='ltr'><strong>in</strong></span> <span class='ocrx_word' id='word_1_381' title='bbox 2066 2831 2115 2862; x_wconf 92' lang='lat' dir='ltr'><strong>ea</strong></span> <span class='ocrx_word' id='word_1_382' title='bbox 2131 2818 2428 2862; x_wconf 82' lang='lat' dir='ltr'><strong>incumbebant.</strong></span> <span class='ocrx_word' id='word_1_383' title='bbox 2455 2818 2573 2862; x_wconf 89' lang='lat' dir='ltr'><strong>Licet</strong></span> 
     </span>
     <span class='ocr_line' id='line_1_33' title="bbox 155 2882 2570 2940; baseline 0 -13"><span class='ocrx_word' id='word_1_384' title='bbox 155 2885 268 2927; x_wconf 85' lang='lat' dir='ltr'><strong>enim</strong></span> <span class='ocrx_word' id='word_1_385' title='bbox 296 2884 446 2926; x_wconf 90' lang='lat' dir='ltr'><strong>sentire</strong></span> <span class='ocrx_word' id='word_1_386' title='bbox 475 2884 517 2926; x_wconf 92' lang='lat' dir='ltr'><strong>in</strong></span> <span class='ocrx_word' id='word_1_387' title='bbox 539 2882 669 2927; x_wconf 88' lang='lat' dir='ltr'><strong>Cassii</strong></span> <span class='ocrx_word' id='word_1_388' title='bbox 688 2885 841 2928; x_wconf 89' lang='lat' dir='ltr'><strong>uerbis:</strong></span> <span class='ocrx_word' id='word_1_389' title='bbox 868 2885 1077 2934; x_wconf 87' lang='lat' dir='ltr'><strong>„Vtrum</strong></span> <span class='ocrx_word' id='word_1_390' title='bbox 1097 2898 1215 2940; x_wconf 80' lang='lat' dir='ltr'><strong>ergo</strong></span> <span class='ocrx_word' id='word_1_391' title='bbox 1235 2889 1383 2940; x_wconf 90' lang='lat' dir='ltr'><strong>putas</strong></span> <span class='ocrx_word' id='word_1_392' title='bbox 1401 2886 1495 2929; x_wconf 91' lang='lat' dir='ltr'><strong>hoc</strong></span> <span class='ocrx_word' id='word_1_393' title='bbox 1513 2885 1794 2930; x_wconf 88' lang='lat' dir='ltr'><strong>dicentium</strong></span> <span class='ocrx_word' id='word_1_394' title='bbox 1811 2885 1994 2929; x_wconf 86' lang='lat' dir='ltr'><strong>uitium</strong></span> <span class='ocrx_word' id='word_1_395' title='bbox 2012 2897 2123 2931; x_wconf 89' lang='lat' dir='ltr'><strong>esse</strong></span> <span class='ocrx_word' id='word_1_396' title='bbox 2140 2899 2200 2932; x_wconf 84' lang='lat' dir='ltr'><strong>an</strong></span> <span class='ocrx_word' id='word_1_397' title='bbox 2217 2884 2570 2929; x_wconf 77' lang='lat' dir='ltr'><strong>audientium?</strong></span> 
     </span>
     <span class='ocr_line' id='line_1_34' title="bbox 154 2950 2570 3009; baseline 0.002 -15"><span class='ocrx_word' id='word_1_398' title='bbox 154 2951 266 2994; x_wconf 85' lang='lat' dir='ltr'><strong>Non</strong></span> <span class='ocrx_word' id='word_1_399' title='bbox 290 2950 370 2992; x_wconf 92' lang='lat' dir='ltr'><strong>illi</strong></span> <span class='ocrx_word' id='word_1_400' title='bbox 399 2950 543 3003; x_wconf 87' lang='lat' dir='ltr'><strong>peius</strong></span> <span class='ocrx_word' id='word_1_401' title='bbox 573 2950 769 2999; x_wconf 89' lang='lat' dir='ltr'><strong>dicunt,</strong></span> <span class='ocrx_word' id='word_1_402' title='bbox 797 2952 885 2994; x_wconf 89' lang='lat' dir='ltr'><strong>sed</strong></span> <span class='ocrx_word' id='word_1_403' title='bbox 913 2952 963 2995; x_wconf 93' lang='lat' dir='ltr'><strong>hi</strong></span> <span class='ocrx_word' id='word_1_404' title='bbox 993 2953 1297 3009; x_wconf 86' lang='lat' dir='ltr'><strong>corruptius</strong></span> <span class='ocrx_word' id='word_1_405' title='bbox 1325 2953 1589 2997; x_wconf 88' lang='lat' dir='ltr'><strong>iudicant“</strong></span> <span class='ocrx_word' id='word_1_406' title='bbox 1616 2952 1939 3008; x_wconf 76' lang='lat' dir='ltr'><strong>indignationem</strong></span> <span class='ocrx_word' id='word_1_407' title='bbox 1964 2953 2061 3003; x_wconf 82' lang='lat' dir='ltr'><strong>uiri,</strong></span> <span class='ocrx_word' id='word_1_408' title='bbox 2096 2954 2167 3009; x_wconf 86' lang='lat' dir='ltr'><strong>qui</strong></span> <span class='ocrx_word' id='word_1_409' title='bbox 2201 2952 2319 2998; x_wconf 73' lang='lat' dir='ltr'><strong>aliter</strong></span> <span class='ocrx_word' id='word_1_410' title='bbox 2361 2953 2570 2999; x_wconf 77' lang='lat' dir='ltr'><strong>diudicuns</strong></span> 
     </span>
     <span class='ocr_line' id='line_1_35' title="bbox 154 3017 2569 3075; baseline 0.001 -14"><span class='ocrx_word' id='word_1_411' title='bbox 154 3019 333 3072; x_wconf 89' lang='lat' dir='ltr'><strong>palmam</strong></span> <span class='ocrx_word' id='word_1_412' title='bbox 361 3017 551 3060; x_wconf 90' lang='lat' dir='ltr'><strong>tribuerit</strong></span> <span class='ocrx_word' id='word_1_413' title='bbox 579 3018 810 3061; x_wconf 88' lang='lat' dir='ltr'><strong>oratoribus</strong></span> <span class='ocrx_word' id='word_1_414' title='bbox 837 3019 889 3060; x_wconf 91' lang='lat' dir='ltr'><strong>ab</strong></span> <span class='ocrx_word' id='word_1_415' title='bbox 915 3020 1145 3073; x_wconf 87' lang='lat' dir='ltr'><strong>aequalium</strong></span> <span class='ocrx_word' id='word_1_416' title='bbox 1174 3020 1434 3064; x_wconf 89' lang='lat' dir='ltr'><strong>multitudine</strong></span> <span class='ocrx_word' id='word_1_417' title='bbox 1461 3020 1699 3075; x_wconf 85' lang='lat' dir='ltr'><strong>postpositis</strong></span> <span class='ocrx_word' id='word_1_418' title='bbox 1716 3020 1895 3064; x_wconf 86' lang='lat' dir='ltr'><strong>Pollioni</strong></span> <span class='ocrx_word' id='word_1_419' title='bbox 1909 3019 2123 3065; x_wconf 80' lang='lat' dir='ltr'><strong>Messallae</strong></span> <span class='ocrx_word' id='word_1_420' title='bbox 2139 3021 2347 3066; x_wconf 87' lang='lat' dir='ltr'><strong>Passieno.</strong></span> <span class='ocrx_word' id='word_1_421' title='bbox 2392 3021 2448 3064; x_wconf 86' lang='lat' dir='ltr'><strong>Hi</strong></span> <span class='ocrx_word' id='word_1_422' title='bbox 2466 3033 2569 3065; x_wconf 85' lang='lat' dir='ltr'><strong>uero</strong></span> 
     </span>
     <span class='ocr_line' id='line_1_36' title="bbox 154 3084 2569 3143; baseline 0.002 -15"><span class='ocrx_word' id='word_1_423' title='bbox 154 3097 324 3140; x_wconf 91' lang='lat' dir='ltr'><strong>prorsus</strong></span> <span class='ocrx_word' id='word_1_424' title='bbox 352 3084 474 3127; x_wconf 89' lang='lat' dir='ltr'><strong>aliam</strong></span> <span class='ocrx_word' id='word_1_425' title='bbox 501 3084 836 3138; x_wconf 81' lang='lat' dir='ltr'><strong>ingrediebantur</strong></span> <span class='ocrx_word' id='word_1_426' title='bbox 862 3086 1021 3130; x_wconf 88' lang='lat' dir='ltr'><strong>dicendi</strong></span> <span class='ocrx_word' id='word_1_427' title='bbox 1050 3087 1179 3131; x_wconf 90' lang='lat' dir='ltr'><strong>uiam:</strong></span> <span class='ocrx_word' id='word_1_428' title='bbox 1207 3090 1392 3131; x_wconf 89' lang='lat' dir='ltr'><strong>oratores</strong></span> <span class='ocrx_word' id='word_1_429' title='bbox 1421 3090 1539 3132; x_wconf 88' lang='lat' dir='ltr'><strong>erant</strong></span> <span class='ocrx_word' id='word_1_430' title='bbox 1564 3099 1649 3132; x_wconf 93' lang='lat' dir='ltr'><strong>non</strong></span> <span class='ocrx_word' id='word_1_431' title='bbox 1673 3087 1981 3139; x_wconf 80' lang='lat' dir='ltr'><strong>dedamatores,</strong></span> <span class='ocrx_word' id='word_1_432' title='bbox 2009 3088 2157 3143; x_wconf 73' lang='lat' dir='ltr'><strong>digme</strong></span> <span class='ocrx_word' id='word_1_433' title='bbox 2180 3089 2352 3133; x_wconf 82' lang='lat' dir='ltr'><strong>studiosi</strong></span> <span class='ocrx_word' id='word_1_434' title='bbox 2374 3088 2569 3133; x_wconf 74' lang='lat' dir='ltr'><strong>ontio-is</strong></span> 
     </span>
     <span class='ocr_line' id='line_1_37' title="bbox 154 3152 2567 3207; baseline 0.001 -11"><span class='ocrx_word' id='word_1_435' title='bbox 154 3154 282 3206; x_wconf 89' lang='lat' dir='ltr'><strong>qualis</strong></span> <span class='ocrx_word' id='word_1_436' title='bbox 310 3153 501 3207; x_wconf 75' lang='lat' dir='ltr'><strong>uiguerat</strong></span> <span class='ocrx_word' id='word_1_437' title='bbox 528 3152 777 3205; x_wconf 90' lang='lat' dir='ltr'><strong>reipublicae</strong></span> <span class='ocrx_word' id='word_1_438' title='bbox 802 3154 1069 3207; x_wconf 87' lang='lat' dir='ltr'><strong>temporibus,</strong></span> <span class='ocrx_word' id='word_1_439' title='bbox 1097 3153 1340 3199; x_wconf 87' lang='lat' dir='ltr'><strong>Ciceronem</strong></span> <span class='ocrx_word' id='word_1_440' title='bbox 1366 3156 1528 3206; x_wconf 84' lang='lat' dir='ltr'><strong>imitati,</strong></span> <span class='ocrx_word' id='word_1_441' title='bbox 1562 3155 1898 3200; x_wconf 68' lang='lat' dir='ltr'><strong>scholasticorum</strong></span> <span class='ocrx_word' id='word_1_442' title='bbox 1930 3155 2044 3200; x_wconf 87' lang='lat' dir='ltr'><strong>molli</strong></span> <span class='ocrx_word' id='word_1_443' title='bbox 2072 3157 2115 3199; x_wconf 91' lang='lat' dir='ltr'><strong>et</strong></span> <span class='ocrx_word' id='word_1_444' title='bbox 2140 3157 2360 3201; x_wconf 76' lang='lat' dir='ltr'><strong>artificioso</strong></span> <span class='ocrx_word' id='word_1_445' title='bbox 2387 3155 2567 3201; x_wconf 83' lang='lat' dir='ltr'><strong>sermoni</strong></span> 
     </span>
    </p>
   </div>
  </div>
 </body>
</html>
