2776 3559
1349 108 1412 158 14

165 251 326 292 famam.
378 249 522 304 ltaque
549 261 632 291 non
661 248 744 303 egit
772 259 878 302 quae
906 249 1018 289 recta
1047 249 1089 289 et
1116 257 1216 289 uera
1243 247 1447 297 credebat,
1474 246 1549 289 sed
1566 257 1686 301 -quae
1711 246 1967 291 multiudiai
1988 248 2586 307 erantsplacituraaipsh-uitia

163 317 383 369 appetebat
409 321 553 370 utpote
580 317 812 357 animorum
838 316 1055 356 lenocinia.
1111 314 1395 356 Numeranans
1425 316 1488 354 est
1514 314 1557 364 ln
1580 314 1633 354 iis
1658 314 1714 355 de
1742 316 1890 367 qulbus
1912 314 2151 363 Petimus
2171 317 2435 371 satyrkflwsui
2456 317 2586 362 :initio

164 384 262 425 dicit
290 384 493 437 apposite:
521 381 767 430 „Minimum
784 382 829 423 in
847 381 911 423 his
931 381 1290 423 exercitationibus
1309 381 1500 423 doctores
1516 383 1708 433 peccant,-
1732 382 1802 434 qui
1820 393 1990 424 necesse
2002 381 2160 425 ‘habuit
2177 394 2279 426 eum
2287 384 2586 428 insanientibus

162 450 314 495 furere.
367 450 469 494 Nam
497 449 538 493 ni
570 449 748 493 dixerint
776 459 883 504 quae
909 447 1201 492 adulescentuli
1231 448 1420 504 probant,
1448 448 1495 491 ut
1522 447 1580 491 ait
1605 445 1765 499 Cicero,
1780 448 1877 493 vaoli-
1900 449 1942 494 ln
1963 447 2121 495 scholis
2145 450 2454 507 relinquentur:
2481 452 2587 498 sictut

163 521 248 560 ficti
276 519 506 560 adulatores
535 529 629 559 cum
658 529 804 558 caenas
833 517 1005 557 diuitum
1035 519 1210 568 captant,
1239 517 1339 557 nihil
1368 517 1481 568 prius
1509 516 1758 557 meditantur
1785 527 1915 568 quam
1930 518 1980 559 id
2006 516 2119 570 quod
2145 519 2586 572 putant-gratissimum

132 642 135 644 .
162 585 415 628 auditoribus
443 584 552 633 ἴσως
579 595 656 626 nec
685 584 794 626 enim
822 583 940 625 aliter
966 582 1244 636 impetrabunt
1272 582 1383 636 quod
1410 584 1567 636 petunt,
1595 581 1672 626 nisi
1688 580 1895 636 quasdam
1923 583 2090 627 insidias
2117 583 2499 635 aurianum-vinu
2526 586 2586 629 sie

164 653 421 706 eloquentiae
449 652 644 706 magister
668 651 745 693 nisi
780 653 990 704 tamquam
1024 651 1203 704 piscator
1236 661 1327 693 eam
1364 650 1606 704 imposuerit
1642 649 1779 693 hamis.
1809 654 1964 700 escam,
2000 662 2124 705 quam
2142 672 2143 675 =
2159 651 2296 696 scierit
2328 651 2585 706 appetituros

162 732 251 761 esse
279 719 510 772 pisciculos,
538 719 626 759 sine
654 728 726 769 spe
753 716 932 769 praedae
958 719 1143 757 moratur
1170 718 1214 757 in
1248 717 1458 769 scopulo“.
1495 738 1551 746 --
1586 716 1678 758 Huc
1715 712 1811 758 mm
1844 717 2204 771 aecedem··quod
2225 717 2415 762 :Cestium
2436 718 2585 762 nullius

160 790 249 827 erat
276 787 440 837 ingenii,
470 786 560 825 fieri
588 796 672 825 non
700 784 835 835 potuit
860 784 959 834 quin
978 784 1197 824 decederet
1223 795 1307 824 non
1333 784 1467 824 solum
1486 795 1509 824 a
1530 783 1740 824 Ciceronis
1761 784 2007 836 eloquentia,
2034 785 2173 825 iinme-
2191 795 2283 855 eam
2302 788 2586 830 contemneret

161 855 202 894 et
244 853 438 904 corrupto
483 849 717 903 aequalium
765 848 915 892 iudicio
959 848 1187 891 inseruiens
1234 851 1452 903 corruptae
1499 848 1764 902 eloquentiae
1798 849 2084 903 ingrederetur
2117 850 2270 900 uiam,
2276 860 2453 905 quae
2469 854 2586 896 annis

160 919 420 961 uoluentibus
450 917 650 971 gradatim
680 916 990 969 deprauabatur
1049 914 1092 957 Si
1127 926 1221 957 cum
1258 915 1436 957 Latrone
1464 915 1649 958 Cestium
1677 925 1993 1009 comparamus,
2020 927 2117 960 eum
2151 878 2310 959 multo
2318 919 2584 973 corruptioris

160 987 419 1037 eloquentiae
448 987 694 1025 sectatorem
722 984 862 1024 fuisse
876 983 1084 1023 neminem
1116 983 2507 1034 fugiet..
2572 1007 2577 1012 -

366 1050 524 1103 Quodsi
552 1060 654 1093 uero
682 1051 794 1091 recte
821 1047 1083 1091 contenditur
1115 1048 1302 1092 rhetores
1331 1060 1414 1102 quo
1442 1048 1572 1103 magis
1600 1059 1623 1091 a
1652 1046 1862 1092 Ciceronis
1890 1050 2033 1092 aetate.
2052 1015 2327 1100 discederent,
2363 1060 2420 1093 eo
2453 1052 2584 1107 magis

158 1121 210 1161 ab
246 1120 332 1160 eius
367 1119 599 1171 eloquentia
634 1118 760 1158 fuisse
794 1119 997 1164 remotos,
1033 1117 1132 1157 illud
1171 1117 1309 1158 nescio
1348 1128 1400 1157 an
1436 1116 1637 1158 efficiatur
1677 1118 1724 1157 ut
1758 1114 1949 1166 Cestius,
1983 1117 2195 1170 quamuis
2212 1128 2314 1170 per
2330 1118 2583 1171 aliquantum

157 1188 354 1239 temporis
381 1186 570 1227 Latronis
594 1187 704 1226 esset
731 1185 774 1224 in
801 1186 889 1225 arte
916 1184 1052 1224 socius
1079 1186 1202 1235 atque
1231 1183 1429 1230 aemulus,
1454 1183 1524 1224 illo
1553 1185 1691 1224 tamen
1710 1183 1834 1224 fuerit
1850 1185 2067 1236 posterior.
2117 1183 2195 1227 Cui
2217 1185 2407 1237 opinioni
2418 1186 2584 1230 obstare

158 1254 322 1296 uidetur
341 1252 442 1294 ordo
462 1263 585 1304 quem
605 1253 768 1292 secutus
788 1252 851 1292 est
870 1248 1089 1291 Suetonius
1117 1250 1161 1291 in
1189 1250 1374 1304 catalogo
1403 1249 1587 1293 Cestium
1615 1261 1873 1304 praeponens
1899 1250 2083 1293 Latroni.
2126 1251 2179 1293 ΙιιΓ
2195 1251 2306 1293 enim
2331 1252 2368 1294 si
2393 1252 2583 1296 rhetores

156 1322 209 1363 ab
245 1321 334 1373 ipso
373 1320 717 1361 commemoratos
745 1317 975 1369 composuit
1007 1319 1054 1358 ut
1089 1317 1289 1369 temporis
1323 1318 1428 1359 ratio
1463 1317 1716 1370 postulabat,
1753 1317 1794 1359 id
1832 1317 1945 1371 quod
1984 1317 2264 1372 Doergensius
2297 1319 2508 1362 contundit
2540 1321 2584 1362 in

158 1387 292 1428 libello
323 1387 374 1427 de
404 1385 588 1427 Suetonii
617 1384 717 1425 uiris
745 1384 969 1425 illustribus
997 1395 1037 1437 p.
1066 1383 1134 1431 24,
1164 1383 1259 1425 hinc
1286 1384 1337 1426 ad
1367 1396 1416 1426 ea
1445 1395 1551 1438 quae
1579 1385 1661 1426 iam
1689 1395 1730 1439 p.
1750 1384 1777 1427 5
1795 1384 1849 1427 de
1868 1384 2122 1429 Cestii'anno
2141 1385 2263 1428 natali
2283 1384 2582 1439 disputauimus

158 1454 256 1494 illud
286 1453 584 1506 cognoscimuS,
613 1451 796 1493 Cestium
823 1453 965 1492 natum
994 1461 1085 1492 esse
1113 1454 1208 1492 ante
1227 1462 1379 1492 annum
1408 1450 1490 1493 696
1510 1463 1551 1492 u.
1579 1463 1628 1501 c.,
1657 1451 1845 1499 Latronis
1873 1452 2056 1495 natalem
2084 1453 2135 1495 ct'.
2163 1452 2325 1494 dissert-
2342 1463 2383 1505 p.
2403 1452 2443 1494 7.
2486 1452 2582 1505 Quo

158 1521 323 1573 quidem
351 1532 459 1561 anno
488 1518 699 1571 supposito
727 1518 1026 1559 sexcentesimo
1054 1518 1321 1570 nonagesimo
1351 1517 1513 1559 Cestius
1543 1519 1827 1572 octogenarius
1847 1519 1991 1561 saltem
2016 1531 2145 1561 senex
2163 1519 2262 1568 fuit,
2280 1530 2374 1560 etim
2395 1518 2581 1571 Quintilii

157 1589 252 1630 Vari
282 1588 388 1629 filius
418 1586 582 1628 auditor
611 1586 698 1627 eius
727 1585 910 1627 scholam
941 1584 1223 1637 frequentaret
1251 1585 1300 1626 cs.
1329 1597 1369 1638 p.
1399 1585 1438 1627 6.
1487 1585 1750 1637 Ωιιιιθ.ιιοιιιε
1773 1598 2023 1640 quamquam
2051 1598 2127 1640 per
2145 1586 2308 1629 seniliil
2327 1585 2451 1628 habet
2469 1586 2582 1640 quod

157 1655 346 1702 offendat,
375 1655 526 1706 quippe
554 1665 677 1705 quam
707 1652 822 1693 multi
852 1652 1040 1693 rhetores
1069 1653 1150 1693 sint
1178 1653 1366 1701 assecuti,
1393 1653 1509 1694 uelut
1536 1654 1605 1695 ille
1633 1654 1721 1707 ipse
1749 1655 1818 1707 qui
1848 1653 1974 1697 Cestii
2002 1655 2246 1696 memoriam
2264 1654 2383 1696 nobis
2401 1654 2582 1707 prodidit

156 1726 347 1764 Annaeus
388 1721 565 1768 Seneca,
613 1720 790 1773 suspicio
828 1722 966 1761 tamen
1002 1719 1117 1761 facile
1151 1720 1313 1773 irrepit,
1362 1720 1637 1773 praefueritne
1673 1721 1957 1775 octogenarius
2000 1720 2166 1764 scholae
2199 1720 2414 1774 publicae?
2489 1720 2581 1764 Hoc

158 1789 346 1842 equidem
373 1789 446 1830 uix
475 1787 731 1829 crediderim.
772 1786 877 1829 Cum
907 1798 1010 1828 uero
1040 1789 1226 1828 constare
1254 1787 1443 1829 uideatur
1469 1799 1599 1830 annus
1621 1787 1705 1830 770
1730 1800 1772 1830 ιι.
1799 1799 1834 1830 c.
1861 1781 2075 1842 usquead
2094 1798 2217 1841 quem
2241 1789 2376 1830 artem
2393 1788 2581 1831 docuerit

156 1857 413 1903 rhetoricam,
444 1867 598 1897 annum
625 1854 805 1896 natalem
831 1865 1002 1896 necesse
1030 1856 1092 1895 est
1120 1865 1322 1906 ponamus
1348 1866 1456 1896 anno
1486 1854 1569 1897 690
1596 1867 1636 1896 ιι.
1665 1866 1700 1897 c.
1730 1856 2018 1908 posteriorem.
2072 1854 2179 1897 'Huc
2208 1855 2365 1897 accedit
2390 1855 2579 1897 alterum.

157 1923 338 1966 Cestium
367 1922 490 1969 enim,
521 1921 632 1974 quod
661 1921 842 1963 scholam
869 1920 1027 1962 Romae
1052 1921 1260 1973 aperuerit
1285 1933 1370 1963 non
1396 1923 1492 1963 ante
1520 1934 1673 1964 annum
1693 1922 1776 1965 723
1803 1934 1843 1965 ιι.
1872 1933 1921 1971 c.,
1949 1922 2058 1964 inter
2087 1921 2298 1964 Romanos
2324 1921 2579 1975 professores

158 1991 235 2032 hoc
263 1990 427 2032 demum
458 1992 645 2043 tempore
675 1988 910 2030 inclaruisse
937 1990 1067 2042 patet;
1098 1987 1317 2030 Latronem
1347 1999 1449 2031 uero
1479 1988 1715 2032 cathedram
1742 1989 1968 2033 obtinuisse
1985 2000 2094 2032 anno
2113 1988 2190 2031 '111
2213 1999 2256 2031 ιι.
2278 1999 2327 2039 c.,
2354 1988 2581 2032 decessisse

156 2071 263 2100 anno
294 2058 375 2099 750
403 2070 443 2098 ιι.
472 2069 507 2098 c.
537 2057 839 2097 demonstrasse
867 2056 967 2096 mihi
992 2056 1139 2097 uideor
1166 2057 1208 2096 in
1238 2056 1524 2098 dissertatione
1552 2069 1592 2110 p.
1625 2057 1674 2098 14
1710 2060 1754 2099 et
1786 2057 1855 2099 2⁴2.
1918 2057 1992 2099 llle
2025 2057 2152 2110 igitur
2186 2056 2303 2098 annis
2336 2057 2496 2110 aliquot
2532 2060 2580 2098 ut

155 2126 319 2167 uidetur
352 2128 446 2166 ante
481 2123 666 2167 Cestium
701 2126 816 2164 ortus
852 2134 945 2165 cum
988 2125 1202 2176 praeterea
1244 2123 1360 2164 annis
1402 2134 1533 2178 prope
1572 2124 1805 2177 quindecim
1847 2126 1942 2167 ante
1984 2123 2147 2178 publice
2189 2123 2387 2178 lncfflerit
2422 2123 2580 2167 Romae

156 2194 325 2239 docere,
368 2192 510 2243 uiginti
547 2194 659 2231 certe
695 2191 810 2230 annis
849 2193 945 2230 ante
982 2191 1159 2229 animam
1199 2190 1420 2238 efflauerit,
1467 2202 1566 2231 num
1604 2190 1825 2233 Suetonius
1871 2192 1915 2232 in
1949 2190 2195 2232 collocandis
2241 2190 2304 2231 his
2344 2190 2580 2232 rhetoribus

155 2259 482 2311 chronologicam
517 2260 564 2299 ut
599 2258 729 2299 uerbo
769 2260 862 2298 utar
900 2257 1102 2298 rationem
1137 2259 1301 2298 secutus
1336 2258 1389 2298 sit
1421 2257 1644 2299 admodum
1679 2257 1837 2300 dubito.
1908 2257 2123 2309 Equidem·
2146 2257 2438 2309 praepositum
2477 2260 2578 2309 puto

153 2325 337 2368 Cestium
366 2326 533 2378 propter
559 2324 802 2366 immensam
832 2323 869 2365 ei
901 2322 952 2364 ab
981 2321 1218 2376 aequalibus
1246 2323 1495 2377 impertitam
1523 2323 1701 2374 laudem,
1735 2336 1858 2378 quam
1895 2323 2065 2368 Latroni
2096 2322 2193 2366 licet
2227 2323 2262 2366 a⁴
2286 2321 2442 2367 Seneca
2476 2325 2519 2366 et
2554 2335 2577 2366 a

152 2392 360 2445 discipulis
387 2403 484 2443 prae
513 2391 700 2432 omnibus
729 2391 838 2431 elato
866 2402 950 2431 non
978 2390 1099 2443 plane
1124 2390 1271 2431 eodem
1300 2390 1425 2431 modo
1450 2392 1642 2433 tribuisse
1671 2392 1878 2440 uidentur,
1906 2393 2050 2445 utpote
2079 2390 2149 2443 qui
2179 2401 2315 2433 escam
2342 2389 2578 2445 repudiaret

153 2472 231 2512 qua
260 2459 330 2501 ille
358 2459 547 2500 utebatur
573 2460 764 2512 piscator.
830 2456 974 2510 Neque
1004 2457 1109 2499 l'orte
1138 2458 1333 2500 accidisse
1363 2458 1487 2500 credo
1514 2459 1626 2512 quod
1654 2463 1696 2502 et
1724 2460 1813 2513 ipse
1841 2458 2007 2503 Cassius
2035 2456 2215 2501 Seuerus
2241 2457 2349 2512 apud
2372 2457 2576 2500 ‘Senecam

153 2539 240 2569 exc.
261 2529 393 2569 contr.
414 2527 480 2567 lll.
498 2526 623 2578 praef.
647 2525 697 2567 15
718 2525 901 2568 Cestium
919 2526 1158 2578 praeposuit
1184 2525 1362 2567 Latroni.
1415 2526 1630 2580 Temporis
1666 2529 1806 2569 autem
1829 2527 2034 2569 rationem
2071 2524 2140 2567 ille
2180 2524 2261 2567 hoc
2295 2525 2386 2568 loco
2424 2535 2577 2578 nequa·

152 2606 274 2646 quam
302 2593 493 2640 habebat,
520 2593 646 2634 immo
673 2592 820 2634 iudicia
846 2592 1030 2634 reserens
1059 2603 1165 2644 quae
1193 2593 1385 2644 aequales
1413 2593 1466 2635 de
1493 2594 1726 2637 rhetoribus
1752 2597 1797 2636 et
1829 2593 2066 2636 oratoribus*
2097 2591 2331 2641 iaciebant,
2353 2594 2576 2644 utrumque

153 2660 287 2703 uirum
315 2661 371 2703 ita
401 2658 635 2709 collocabat,
663 2663 709 2701 ut
736 2659 786 2701 ab
816 2658 894 2702 illis
921 2658 1215 2702 celebrabatur.
2299 2674 2304 2680 ·

349 2727 546 2771 Ceterum
573 2738 645 2768 cur
662 2727 940 2780 Doergensius
969 2727 1012 2768 in
1039 2727 1240 2780 scriptura
1259 2725 1385 2770 Cestii
1415 2728 1591 2770 nominis
1621 2730 1746 2778 „ae“
1771 2727 1951 2769 litteram
1978 2726 2285 2769 resuscitauerit
2312 2726 2472 2769 nescire
2500 2736 2575 2768 me
2641 2749 2647 2766 .

150 2808 234 2838 ιιοιι
263 2797 437 2848 piget:‚
440 2799 507 2843 ‚e“
534 2794 666 2834 littera
696 2796 803 2835 enim
832 2795 982 2846 legitur
1009 2805 1102 2835 cum
1130 2796 1174 2835 in
1202 2795 1329 2836 titulis
1357 2797 1446 2836 tum
1482 2796 1591 2848 apud
1628 2794 1870 2836 Suetonium
1906 2794 1949 2834 in
1987 2794 2127 2836 codice
2162 2794 2346 2835 Parisino
2390 2796 2432 2834 et
2464 2793 2574 2847 apud

150 2862 352 2906 Senecam
398 2862 440 2904 in
486 2860 652 2915 optimis
700 2860 904 2903 codicibus
951 2860 1206 2903 Bruxellensi
1252 2861 1406 2904 scilicet
1451 2864 1494 2904 et
1538 2861 1813 2914 Antuerpensi
1860 2860 2045 2914 ubique,
2092 2860 2214 2904 unico
2261 2861 2353 2904 loco
2400 2862 2573 2915 excepto

148 2932 280 2973 contr
309 2926 568 3037 ¹¹Sze³d2l18aec
594 2993 810 3041 hactenus;
838 2994 1054 3036 redeamus
1082 2994 1134 3035 ad
1155 2994 1279 3036 Cestii
1309 2994 1663 3043 declamationem,
1691 3004 1836 3047 (luem
1866 2992 2072 3046 ‘lumem
2089 2995 2187 3037 ⁸¹⁸¹
2215 3003 2339 3037 ’ΜΘ
2351 2993 2572 3037 multum

149 3063 413 3105 studuisse
440 3062 616 3113 negari
646 3060 841 3112 nequit.
896 3059 1043 3114 Magna
1074 3062 1184 3102 enim
1211 3062 1373 3115 ingenia
1403 3063 1656 3116 cognouerat
1689 3063 1731 3102 et
1766 3060 2000 3102 imitabatur
2032 3061 2149 3103 uelut
2180 3060 2407 3114 Vergilium
2441 3063 2572 3103 contr.

150 3130 235 3172 Vll.
267 3130 330 3173 16.
358 3128 431 3178 27,
457 3139 704 3181 quamquam
735 3130 777 3169 in
806 3138 895 3169 exc.
926 3132 1053 3169 contr.
1084 3129 1151 3170 111.
1181 3128 1220 3170 Ἰ.
1261 3129 1288 3171 3
1330 3129 1439 3171 Alfio
1472 3129 1602 3171 Flauo
1644 3127 1867 3182 opprobrio
1900 3128 2027 3170 uertit
2060 3127 2172 3182 quod
2210 3128 2397 3171 studiose
2429 3131 2572 3182 poetas

149 3198 306 3251 legerit.
362 3195 467 3240 lllud
503 3207 605 3238 uero
641 3194 893 3249 uituperium
928 3206 1013 3237 non
1047 3207 1100 3238 ex
1135 3196 1259 3238 corde
1283 3196 1459 3239 uidetur
1496 3196 1669 3245 dictum,
1720 3195 1848 3237 immo
1881 3196 2132 3250 malignitate
2178 3196 2359 3239 oblatum
2405 3196 2467 3246 ei,
2500 3194 2570 3248 qui
