2776 3559
1346 73 1380 123 5

335 209 514 256 Ornatus
541 213 680 255 autem
708 212 771 254 est
796 208 869 254 Pii
897 210 1205 267 cognomine,
1241 211 1294 255 de
1321 223 1405 267 quo
1428 210 1595 267 quidem
1621 210 1792 267 legimus
1817 210 1924 268 apud
1943 210 2113 266 Quintil.
2132 210 2183 254 V.
2206 209 2270 254 10.
2299 209 2355 254 30
2375 209 2569 262 „Ponant

158 282 201 322 in
228 291 401 334 persona
429 284 473 323 et
497 292 663 328 nomen,
690 280 802 332 quod
830 280 995 332 quidem
1023 280 1060 320 ei
1088 280 1272 322 accidere
1298 290 1468 322 necesse
1496 283 1572 329 est,
1600 280 1673 320 sed
1696 281 1739 320 in
1767 284 2050 332 argumentum
2085 292 2180 321 raro
2216 279 2325 321 cadit
2356 280 2432 319 nisi
2472 290 2566 319 cum

157 349 229 388 aut
256 358 309 389 ex
335 359 456 390 causa
482 347 624 388 datum
652 349 715 388 est
742 349 789 388 ut
815 345 984 399 Sapiens
1010 344 1185 401 Magnus
1202 347 1348 389 ·Pius“.
1409 348 1544 399 Atque
1576 345 1828 388 Antoninum
1857 347 2145 399 imperatorem
2173 347 2291 389 Pium
2320 345 2565 398 appellatum

158 423 249 457 esse
275 416 444 469 propter
472 411 727 457 clementiam
753 411 816 469 (cf.
843 412 935 456 Aei-
963 410 1095 468 Spart.
1111 411 1247 457 fladr.
1265 411 1334 457 24.
1375 411 1457 456 Iul.
1470 411 1600 468 Capit.
1623 411 1663 455 2.
1705 412 1786 455 Dio
1805 410 1917 456 Cass.
1935 411 2064 455 Lxx.
2082 412 2110 455 2
2129 412 2232 468 cet),
2261 411 2314 466 Q.
2343 410 2566 456 Caecilium

156 480 369 523 Metellum
395 483 564 533 propter
589 481 716 534 patris
742 491 923 523 amorem
950 481 1260 522 cuiusexiliam
1286 479 1496 533 deprecari
1523 480 1734 533 nunquam
1761 480 1929 521 desierit
1955 480 2017 532 (cf.
2045 479 2129 522 Cic.
2157 484 2251 532 post
2279 480 2367 521 red.
2402 480 2446 519 in
2479 489 2565 518 sen.

160 546 224 590 15.
253 547 326 597 37,
366 545 445 589 Dio
473 545 586 590 Cass.
612 546 662 589 fr.
693 545 790 596 108,
823 548 995 602 Αριιίιιιι.
1028 546 1060 589 1.
1094 544 1173 597 83,
1201 546 1306 590 Veli.
1339 547 1429 589 Pat.
1461 546 1511 589 ΙΙ.
1549 547 1619 596 15,
1652 545 1741 589 Val.
1773 545 1885 588 Max.
1926 546 1974 588 V.
2009 545 2049 588 2.
2091 545 2127 600 7)
2168 546 2320 589 nemini
2359 546 2566 599 ignotum:

157 613 318 657 Cestius
344 623 448 656 uero
474 613 585 655 unde
610 614 736 656 traxit
763 614 1109 670 cognomentum?
1162 612 1361 656 Pietatem
1382 612 1508 656 credo
1526 613 1718 656 seruabat
1734 624 1878 655 seruus
1898 623 2020 665 quam
2039 613 2258 655 maximam
2277 613 2320 655 in
2338 612 2565 658 dominum,

156 681 209 722 ob
236 690 409 734 eamque
436 681 567 734 ipsam
593 691 755 732 causam
784 680 957 724 tortasse
983 681 1255 725 manumissus
1283 680 1363 723 hoc
1389 692 1542 723 nomen
1569 681 1725 734 recepit
1751 680 1870 733 patrii
1900 679 2006 729 loco,
2029 680 2139 734 quod
2157 679 2367 734 quomodo
2384 677 2566 733 potuerit

137 746 380 790 ,oblitterafi
407 745 708 791 demonstrasse
731 747 834 791 mihi
862 748 1007 791 uideor
1032 749 1075 791 in
1103 748 1448 791 commentatione
1476 758 1568 790 mea
1596 747 1649 790 de
1676 746 1855 789 Latrone
1880 758 1921 801 p.
1949 747 1989 789 5.

352 845 435 901 Qui
469 847 512 891 in
548 845 790 892 editionibus
824 846 1031 891 ueteribus
1065 859 1168 892 suas.
1205 846 1252 891 11.
1297 847 1346 891 17
1388 847 1596 902 profertur
1639 846 1837 892 Cestius
1880 846 2104 902 Crispus,
2146 847 2180 889 is
2223 858 2275 890 ex
2317 845 2564 900 optimorum

154 913 340 956 codicum
368 914 608 957 auctoritate
636 926 661 955 a
687 913 885 957 Bursiano
912 914 955 955 in
982 913 1179 957 Catium
1207 913 1438 968 Crispum
1466 917 1646 956 mutatus
1675 917 1757 963 est;
1787 926 1879 955 cum
1908 925 1959 955 eo
1988 915 2112 968 igitur
2139 913 2294 955 rhetori
2330 912 2563 953 communio

152 992 237 1023 non
264 980 427 1023 uidetur
453 981 718 1023 intercedere.

347 1069 475 1114 Cestii
502 1073 679 1114 aetatem
706 1071 750 1113 in
775 1071 1322 1124 uniuersummgnoscimus
1347 1083 1444 1113 cum
1469 1083 1522 1113 ex
1549 1070 1762 1114 rhetorum
1791 1072 1944 1115 circulo
1973 1084 2148 1125 quorum
2186 1075 2276 1113 erat
2309 1069 2489 1123 aequalis
2523 1070 2565 1109 et

155 1139 197 1180 in
222 1140 311 1180 arte
338 1137 448 1180 haud
474 1150 570 1181 raro
598 1138 866 1188 aduersarius,
892 1143 981 1181 tum
1007 1150 1062 1181 ex
1088 1138 1326 1192 Hieronymi
1355 1138 1447 1180 loco
1475 1137 1762 1193 Olympiadem
1791 1139 1920 1183 CXCI
1949 1152 2024 1182 seu
2048 1151 2199 1181 annum
2219 1138 2297 1181 741
2320 1150 2362 1179 ιι.
2382 1149 2418 1179 c.
2443 1135 2565 1178 certis

154 1205 335 1248 numeris
375 1205 629 1260 proferente3
679 1206 925 1259 quaestionis
972 1217 1074 1249 uero
1115 1206 1333 1249 artioribus
1373 1206 1643 1249 continendae
1685 1207 1832 1249 finibus
1875 1208 2131 1250 occasionem
2173 1206 2344 1260 praebet
2385 1203 2566 1247 Senecae

151 1272 464 1322 narratiuncula,
492 1274 535 1315 in
563 1285 644 1326 qua
672 1272 831 1316 Cestius
858 1286 882 1316 a
911 1273 1109 1317 Cicerone
1143 1277 1334 1327 praetore
1365 1277 1463 1317 tunc
1495 1275 1539 1316 in
1571 1275 1667 1316 Asia
1702 1279 1867 1320 uersato
1901 1276 1944 1316 in
1980 1286 2149 1316 caenam
2184 1277 2354 1315 uocatus
2391 1272 2565 1325 turpiter

152 1339 340 1382 dimissus
371 1342 434 1383 est
462 1339 510 1383 cf.
539 1352 646 1383 suas.
673 1337 758 1384 vn:
790 1340 855 1384 13.
910 1340 972 1384 Eo
1000 1342 1043 1384 in
1069 1340 1160 1384 loco
1186 1353 1433 1395 quamquam
1468 1341 1595 1384 multa
1635 1344 1729 1384 sunt
1761 1342 1934 1385 obscura
1968 1344 2010 1384 et
2044 1353 2150 1395 quae
2193 1343 2382 1383 accurata
2416 1340 2566 1393 egeant

152 1406 439 1461 explicatione,
480 1407 524 1449 id
562 1407 696 1461 ipsum
731 1409 868 1450 tamen
904 1408 1014 1462 quod
1049 1408 1157 1462 apud
1192 1411 1424 1462 praetorem
1460 1409 1654 1450 caenabat
1686 1408 1828 1450 rhetor
1858 1408 2076 1450 ostendere
2112 1407 2276 1449 uidetur
2319 1408 2457 1447 uirum
2493 1405 2564 1445 illo

150 1477 339 1526 tempore
366 1476 448 1516 iam
477 1475 627 1516 famam
654 1475 831 1527 aliquam
859 1478 902 1516 et
928 1477 1212 1517 auctoritatem
1238 1476 1443 1528 adeptum,
1471 1488 1577 1527 quae
1605 1478 1797 1528 quoniam
1824 1476 2000 1516 eruditio
2025 1476 2264 1516 scholastica
2291 1476 2435 1516 aetatis
2455 1485 2564 1514 anno

150 1541 237 1582 fere
265 1539 425 1583 decimo
453 1542 572 1582 sexto
603 1541 903 1591 absoluebatur‚
930 1544 1025 1584 ante
1052 1542 1293 1584 uicesimum
1321 1553 1473 1584 annum
1503 1542 1574 1583 uix
1603 1542 1641 1584 ei
1668 1542 1850 1594 contigit.
1906 1541 1992 1583 Iam
2020 1552 2123 1584 uero
2151 1541 2209 1583 M.
2239 1541 2396 1583 Tullius
2416 1538 2563 1582 Cicero

149 1606 357 1651 Ciceronis
384 1606 493 1650 filius
520 1607 662 1650 consul
690 1609 778 1651 erat
803 1619 910 1651 anno
938 1607 1020 1652 724
1051 1620 1092 1651 ιι.
1122 1619 1158 1652 c.
1191 1610 1233 1651 et
1261 1607 1427 1663 quidem
1453 1607 1645 1651 suffectus
1674 1619 1727 1651 ex
1761 1607 1897 1650 Idibus
1933 1606 2242 1663 Septembribus
2280 1607 2344 1662 (cf.
2378 1606 2561 1649 Piranesi

147 1675 238 1715 fast.
265 1674 333 1716 32.
371 1674 425 1715 ad
457 1686 611 1715 annum
645 1674 730 1716 723
763 1686 802 1716 u.
836 1686 890 1724 c.,
923 1688 1030 1717 anno
1065 1678 1263 1728 sequente
1297 1676 1438 1717 Asiam
1473 1676 1651 1716 obtinuit
1682 1677 1949 1728 prouinciam.
2001 1676 2143 1728 ltaque
2177 1677 2211 1716 si
2251 1676 2302 1716 ab
2340 1675 2420 1715 hoc
2453 1686 2561 1714 anno

147 1745 448 1796 computamus,
476 1745 588 1796 post
613 1755 792 1785 annum
820 1742 915 1785 705
943 1756 984 1786 ιι.
1011 1755 1046 1786 c.
1088 1742 1290 1787 Cestius
1318 1743 1404 1785 uix
1430 1745 1575 1785 natus
1604 1745 1694 1784 est.
1760 1743 1848 1785 Alia
1877 1743 1973 1785 uide
1994 1742 2110 1785 infra.

342 1841 472 1886 Simili
500 1843 625 1887 modo
658 1843 965 1888 ratiocinatione
996 1843 1172 1899 quadam
1207 1854 1467 1900 quousque
1499 1841 1693 1888 Cestius
1728 1843 1878 1886 uitam
1921 1855 2055 1886 suam
2086 1841 2377 1897 perduxerit
2414 1851 2563 1884 eruere

146 1922 375 1963 possumus.
428 1909 521 1953 Fuit
549 1911 659 1954 enim
687 1911 728 1953 in
756 1911 843 1954 eius
872 1911 1077 1966 discipulis
1098 1910 1320 1963 Quintilius
1339 1910 1470 1953 Varus
1496 1911 1602 1953 filius
1622 1910 1742 1960 illius,
1763 1911 1892 1964 quiin
1913 1911 2015 1953 silua
2035 1910 2360 1963 Teutoburgensi
2381 1908 2564 1962 legiones

144 1976 347 2020 Romanas
379 1975 655 2032 perdiderat·
695 1976 770 2022 Cui
808 1977 973 2033 quidem
1005 1990 1099 2022 cum
1135 1990 1214 2033 qua
1249 1979 1336 2021 erat
1370 1976 1619 2032 impudentia
1656 1976 1735 2020 hoc
1778 1977 1911 2032 ipsum
1950 1977 2077 2032 patris
2112 1977 2304 2019 damnum
2338 1975 2562 2030 opprobrio

146 2047 343 2086 uerteret:
370 2044 502 2099 „Ista
522 2045 839 2099 neglegentia
858 2048 1005 2099 pater
1022 2048 1133 2087 tuus
1153 2046 1439 2087 exercitum
1465 2045 1716 2098 perdidit“
1741 2048 1855 2097 post
1884 2057 2073 2086 annum
2092 2044 2174 2086 763
2194 2057 2235 2085 u.
2255 2056 2289 2085 c.
2308 2044 2563 2085 rhetorem

145 2110 384 2153 floruisse
434 2110 573 2164 liquet.
646 2110 898 2153 Declamauit
947 2113 1084 2154 autem
1104 2111 1229 2173 ¹apud
1272 2110 1455 2154 Cestium
1502 2113 1823 2154 controuersiam
1875 2112 2064 2161 „Varus
2117 2111 2401 2163 Quintilius
2446 2113 2564 2152 tunc

145 2177 428 2220 Germanici
456 2189 612 2232 gener
638 2181 692 2221 ut
719 2181 1108 2233 praetextatus“
1137 2179 1187 2222 cf.
1216 2181 1344 2221 contr.
1373 2179 1403 2220 1.
1433 2178 1472 2221 3.
1504 2178 1568 2221 10.
1636 2179 1872 2221 Retinemus
1901 2180 2011 2221 enim
2041 2191 2135 2222 cum
2164 2180 2327 2232 optimis
2355 2177 2564 2220 codicibus

144 2246 194 2285 ut
213 2244 447 2294 lectionem:
468 2248 516 2286 et
535 2245 713 2287 correxit
732 2245 906 2296 lahnius,
925 2248 1135 2300 receperat
1153 2236 1234 2287 iam
1255 2244 1433 2287 Orellius
1451 2246 1494 2287 in
1512 2249 1609 2288 nota
1624 2246 1676 2287 ad
1696 2246 1789 2288 Tac.
1810 2247 1943 2288 annal.
1964 2246 2050 2288 llll.
2071 2246 2139 2288 66.
2167 2246 2321 2288 Notitia
2339 2244 2561 2287 admodum

143 2312 315 2353 obscura
341 2314 416 2360 est,
445 2312 596 2365 quippe
625 2325 731 2365 quae
759 2315 923 2366 praeter
952 2311 1148 2355 Senecam
1177 2313 1288 2354 omni
1317 2315 1422 2354 teste
1447 2316 1598 2354 eareat.
1642 2312 1745 2355 Nam
1767 2326 1819 2355 ex
1839 2314 1969 2355 tribus
1990 2314 2148 2355 filiabus
2169 2325 2269 2366 quas
2295 2311 2562 2355 Germanicus

142 2376 309 2431 reliquit
334 2376 601 2433 Agrippinam
628 2378 849 2421 Drusillam
877 2378 1021 2421 Iuliam
1048 2377 1247 2429 Liuillam,
1275 2378 1385 2420 nulla
1423 2377 1520 2421 Vari
1560 2391 1668 2420 uxor
1699 2379 1874 2421 traditur
1908 2379 1958 2421 cf.
1995 2379 2047 2421 de
2083 2379 2132 2420 iis
2168 2378 2295 2433 Pauly
2331 2378 2495 2432 Encycl.
2532 2377 2560 2417 l.

143 2456 182 2496 p.
209 2444 305 2484 277.
349 2445 388 2493 3,
416 2445 466 2485 11.
494 2457 535 2498 p.
566 2446 686 2495 1271,
715 2447 803 2488 Illi.
831 2445 927 2488 485.
973 2446 1133 2499 Lipsius
1160 2446 1211 2487 ad
1239 2446 1335 2487 Tac.
1363 2459 1456 2487 ann.
1482 2447 1569 2487 1111.
1598 2447 1653 2487 66
1681 2448 1807 2488 filiam
1836 2447 2068 2488 Germanici
2090 2448 2199 2488 Varo
2227 2449 2417 2499 nupsisse
2444 2446 2561 2487 nudis

144 2511 281 2554 uerbis
315 2512 549 2563 confirmat,
579 2519 720 2558 contra
752 2528 801 2558 ea
837 2514 1118 2568 Nipperdeyus
1150 2514 1250 2557 nihil
1285 2515 1364 2557 nisi
1403 2514 1651 2568 desponsum
1690 2515 1747 2557 illi
1782 2515 1908 2558 fuisse
1943 2515 2068 2558 tradit
2103 2515 2155 2558 ad
2192 2515 2371 2558 eundem
2407 2515 2561 2556 locum:

142 2588 295 2621 nomen
321 2576 495 2634 uterque
523 2580 686 2624 omittit.
742 2583 876 2637 Atque
904 2580 938 2625 is
965 2591 1111 2639 uerum
1139 2579 1303 2624 uidetur
1330 2579 1495 2624 uidisse.
1537 2580 1741 2624 Particula
1768 2581 1879 2625 enim
1907 2582 2022 2625 tunc
2049 2584 2214 2638 tempus
2243 2580 2458 2638 significari
2478 2591 2562 2634 quo

141 2646 430 2694 declamauerit
471 2647 691 2700 Quintilius
739 2662 863 2692 nemo
911 2650 1096 2704 negabit3
1153 2651 1455 2702 praetextatum
1496 2653 1633 2690 autem
1670 2651 1739 2702 qui
1785 2653 1922 2703 togam
1957 2651 2120 2692 uirilem
2154 2651 2336 2692 nondum
2370 2650 2562 2690 sumserit

142 2712 204 2765 (cf.
229 2712 357 2767 Pauly
383 2713 549 2769 Encycl.
577 2716 644 2759 Vl.
676 2718 740 2759 ll.
769 2731 809 2771 p.
842 2715 960 2772 1996)
987 2728 1161 2758 uxorem
1189 2716 1271 2758 iam
1300 2716 1466 2758 duxisse
1492 2729 1576 2758 non
1604 2717 1770 2759 uidetur
1797 2717 2003 2760 credibile.

142 2869 176 2913 G
230 2873 246 2914 t
336 2804 489 2918 Ειιγὲῑιιὲῐ
518 2808 704 2917 8quidem
755 2809 1038 2863 inscriptiones
1102 2807 1208 2849 duae
1272 2819 1378 2860 quae
1441 2810 1643 2850 testantur
1704 2809 1964 2862 impuberum
2025 2810 2172 2864 iugalia
2191 2840 2203 2860 ,
2268 2809 2394 2850 altera
2453 2806 2560 2860 apud

178 2883 229 2914 ru
246 2882 364 2914 erum
479 2904 489 2915 .

1071 2963 1371 3008 HERACLAE.
1403 2962 1496 3016 Qvi
1521 2963 1622 3007 -le

1046 3029 1169 3077 ANN.
1196 3030 1267 3075 xl.
1295 3029 1458 3076 MENS.
1485 3030 1523 3075 V
1551 3030 1663 3075 AVR
1717 3055 1723 3059 ν

1101 3098 1359 3141 PATRONA
1386 3097 1612 3142 CONIVGl

1149 3167 1265 3209 BEN.
1295 3166 1425 3208 MER.
1453 3166 1556 3209 FEC
