2776 3559
1341 99 1412 149 ³213

168 237 866 292 adopteiusmffpatruo-esc2
889 234 1068 291 Egere
1091 236 1475 291 coepitpa‘ter:
1511 238 1725 278 uetante
1758 239 1936 291 patruo
1971 237 2071 280 alit
2106 234 2272 280 illum:
2305 237 2581 281 abdicatur.

170 303 868 357 ln1he2contreuersiaquomodo
881 303 1050 346 Cestius
1075 303 1300 346 defendere
1326 303 1464 344 studet
1490 303 1747 345 abdicatum?
1788 304 1927 352 „ilaec
1953 305 2012 346 ait
2044 315 2209 347 mecum
2237 305 2433 359 cogitaui:
2460 305 2584 347 Pater

169 381 293 417 meus,
313 374 510 426 egeatem.
531 370 647 413 uidet
672 370 861 414 stabant
876 383 977 413 rnou
991 372 1232 419 *miseremus
1259 381 1345 412 non
1372 372 1551 422 praestat
1577 370 1784 412 alimenta:
1813 371 1892 413 hoc
1919 375 1983 414 est
2009 373 2176 425 inquam
2204 383 2291 414 non
2317 372 2406 413 uult
2423 374 2584 425 eripere

169 438 256 483 filio
289 438 493 488 officium,
512 437 609 482 {scit
643 438 687 481 ιιι
706 437 811 482 bac·
832 437 993 482 fortuna
1029 448 1219 481 incorum
1252 436 1325 480 has
1358 436 1441 479 iam
1468 447 1582 479 meas
1618 447 1709 480 esse
1735 440 1911 491 partes.“
1966 438 2162 482 Patr-uum
2197 442 2339 484 autem
2373 439 2583 493 quomodo

166 507 365 551 excusat?
380 536 386 547 .
401 505 642 555 .1.„Debuisti
660 517 743 548 me
787 512 959 560 rogare,
998 508 1049 547 ut
1087 506 1177 558 ipse
1216 507 1486 558 praestarem,
1527 504 1701 546 debuisti
1747 505 1861 547 illum
1907 506 1959 547 ad
2000 518 2069 548 me
2110 507 2358 559 perducere,
2406 506 2582 548 debuisti

166 572 775 627 reconciliationemztemptare,
798 579 887 616 non
910 571 1253 626 famam³pietatis
1281 583 1335 614 ex
1361 573 1502 613 nostra
1536 573 1700 625 captare
1739 571 1967 615 discordia“
2005 573 2056 616 cf.
2088 576 2220 616 contr.
2256 574 2288 616 1.
2329 574 2365 616 l.
2402 572 2460 616 24
2494 584 2582 626 seq.

166 640 317 693 Neque
338 641 477 695 minus
499 640 639 693 inepte
666 643 795 683 contr.
822 640 877 683 X.
903 640 972 683 32.
1002 638 1240 692 lii-patrem
1269 638 1463 687 defendit,
1491 650 1574 691 quo
1602 639 1766 681 iubente
1794 640 1875 682 filia
1908 652 1954 682 se
1987 640 2258 693 suspenderat
2289 642 2411 683 uenia
2443 641 2496 682 ab
2531 652 2582 681 eo

165 707 293 762 petita
327 718 405 751 nec
436 713 540 750 uero
575 708 811 763 impetrata,
852 707 965 762 quod
998 706 1107 750 bello
1136 706 1243 750 ciuili
1272 706 1491 761 coniugem
1523 709 1661 749 secuta
1708 707 1759 749 ab
1792 706 2123 750 aduersariorum
2157 707 2340 761 partibus
2380 708 2581 751 stetisset:

166 774 341 827 „Quare
356 775 418 817 :ad
439 786 514 817 -me
539 787 623 818 non
644 777 821 819 fratrem
839 786 962 817 suum
989 774 1164 816 mittit?“
1215 773 1296 816 Sed
1323 775 1514 828 grauiora
1542 775 1663 815 etiam
1684 778 1844 832 extant.
1893 773 2012 825 Quae
2029 775 2140 816 enim
2159 776 2354 817 calliditas
2373 779 2438 817 est
2453 777 2582 828 patris

166 841 427 885 incontra-1·-
456 840 496 883 7.
525 840 591 892 16,
619 843 691 895 qui
718 854 823 885 cum.
841 840 949 883 filius
976 852 1001 882 a
1028 840 1169 894 piratis
1196 844 1337 894 captus
1351 841 1402 881 ei
1431 840 1484 881 de
1511 839 1765 882 redemtione
1789 841 2031 894 scripsisset,
2059 841 2198 894 piratis
2217 842 2432 895 epistolam
2451 843 2580 883 misit:

165 906 237 958 „Si
252 908 558 962 :praecidissent
583 920 742 958 manus,
763 908 938 962 duplam
967 919 1014 950 se
1032 907 1224 950 daturum
1252 907 1526 962 pecuniam“?
1573 907 1700 957 „Usus
1729 919 1819 950 sum
1848 908 1979 961 inquit
2006 907 2197 958 consilio:
2227 909 2404 952 sciebam
2431 910 2581 963 piratas

164 986 249 1018 ιιοιι
276 975 461 1018 crudeles
489 987 581 1018 esse
608 975 682 1018 sed
708 986 870 1018 auaros.
910 974 1032 1017 Volui
1061 974 1224 1017 efficere
1250 978 1298 1017 ut
1325 975 1591 1029 desperarent
1608 974 1722 1016 illum
1740 975 1898 1023 redimi,
1926 976 1968 1017 et
1991 977 2164 1029 propter
2182 975 2262 1018 hoc
2279 987 2580 1030 superuacuum

165 1046 208 1084 et
242 1044 426 1095 sumptui
456 1043 970 1084 tumrum³2dimitterent“.
1040 1042 1188 1083 Videas
1223 1054 1348 1094 porro
1393 1045 1631 1094 portentum
1666 1054 1691 1082 e
1726 1043 1860 1082 studio
1895 1043 1938 1082 in
1971 1046 2188 1093 utramque
2224 1047 2386 1095 partem
2420 1044 2578 1084 dicendi

164 1107 557 1165 profectumcontr.
584 1107 715 1153 villi.
752 1106 821 1152 24.
861 1107 949 1152 14.
999 1105 1145 1154 Callias
1178 1106 1392 1154 Cimonem
1431 1108 1575 1153 solutis
1610 1107 1876 1163 quadraginta
1919 1107 2081 1152 talentis
2115 1120 2220 1163 quae
2249 1109 2428 1159 Miltiadi
2466 1115 2582 1153 erant

164 1178 361 1232 imperata
392 1177 660 1231 erepublica
681 1175 956 1225 redemerat,
990 1178 1037 1217 ut
1070 1176 1195 1217 tiliam
1236 1177 1280 1217 ei'
1317 1177 1548 1218 collocaret.
1618 1176 1664 1217 ln
1708 1176 2014 1217 matrimonium
2056 1175 2174 1218 duxit
2214 1175 2384 1227 Cimon,
2426 1177 2499 1219 sed
2540 1178 2582 1219 in

163 1245 363 1287 adulterio
380 1283 383 1285 .
402 1244 704 1297 deprehensam
752 1248 848 1285 cum
896 1256 955 1285 ex-
994 1244 1086 1297 lege
1104 1277 1106 1279 .
1127 1244 1370 1296 deprecante
1410 1246 1527 1296 patre
1560 1244 1796 1291 occidisset,
1839 1244 1986 1296 ingrati
2028 1256 2124 1285 reus
2162 1244 2290 1286 factus
2326 1248 2402 1286 est.
2464 1245 2582 1285 lllum

164 1319 278 1355 uero*
301 1311 347 1354 ιιι
382 1310 453 1354 tali
484 1310 640 1353 iudicio
672 1310 763 1363 quis
796 1312 934 1364 potest
970 1322 1055 1353 non
1086 1310 1328 1353 absoluere?
1390 1311 1579 1354 Absoluit
1612 1309 1793 1359 Cestius,
1828 1310 1902 1353 sed
1935 1310 2067 1352 uoluit
2099 1311 2222 1354 etiam
2257 1310 2411 1354 Calliae
2445 1314 2583 1364 partes

163 1389 298 1434 agere.
359 1376 472 1432 Quid
499 1377 625 1433 igitur
650 1376 826 1422 restitit?
888 1374 1051 1421 obiecit
1083 1376 1242 1422 Cimoni
1274 1401 1330 1409 —
1360 1377 1497 1432 „quod
1534 1388 1676 1432 passus
1710 1380 1819 1421 esset
1849 1388 2023 1421 uxorem
2059 1389 2177 1421 suam
2208 1378 2436 1422 adulteram
2476 1378 2581 1427 fieri,

165 1446 276 1499 quod
302 1457 387 1488 non
415 1446 672 1494 custodisset,
701 1444 813 1498 quod
838 1448 1113 1498 exspectasset
1146 1446 1243 1486 dum
1270 1446 1555 1498 superueniret
1581 1449 1709 1499 pater,
1738 1448 1785 1486 ut
1812 1448 2019 1499 spectator
2035 1445 2274 1488 calamitatis
2302 1458 2401 1489 suae
2430 1450 2577 1488 esset.“

163 1512 339 1568 Egregie
364 1514 585 1566 nempeet
617 1515 763 1567 argute
789 1512 892 1555 haec
926 1515 1022 1555 sunt
1051 1510 1242 1555 inuenta!
1300 1512 1467 1554 Addere
1492 1524 1595 1555 uero
1623 1513 1676 1555 ad
1704 1524 1753 1554 ea
1781 1512 1900 1554 liceat
1926 1515 2181 1566 postremum
2207 1513 2396 1555 colorem
2418 1526 2442 1555 a
2471 1514 2581 1555 sanis

163 1581 271 1624 illius
297 1580 444 1623 aetatis
460 1579 694 1624 bominibus
721 1580 801 1623 iam
820 1580 917 1623 satis
935 1580 1129 1631 derisum,
1160 1590 1244 1635 quo
1272 1579 1465 1623 infantem
1484 1580 1673 1623 ueneficii
1701 1580 1792 1623 uult
1814 1580 1997 1624 damnari
2018 1591 2102 1624 non
2122 1580 2363 1637 intellegens
2383 1580 2580 1624 infantem

162 1655 367 1701 ne'posse
394 1649 563 1699 quidem
589 1659 705 1689 ream
731 1659 824 1689 esse
849 1649 899 1689 ct.
927 1652 1056 1689 contr.
1083 1649 1207 1689 Vllll.
1233 1648 1302 1689 29.
1335 1648 1399 1688 12.

365 1713 501 1758 Pauca
522 1713 639 1758 haec
649 1716 751 1757 sunt
778 1714 925 1768 quibus
953 1727 1201 1768 componere
1233 1726 1403 1768 possum
1438 1712 1516 1757 alia
1549 1712 1677 1756 multa
1719 1712 1834 1757 uelut
1867 1716 1998 1757 contr.
2033 1713 2119 1757 vll.
2157 1713 2221 1757 16.
2256 1714 2332 1764 21,
2372 1714 2420 1757 11.
2460 1714 2501 1758 9.
2539 1714 2579 1762 3,

163 1790 253 1826 exc.
280 1782 410 1826 contr.
438 1780 536 1825 llll.-
553 1778 592 1825 6.
620 1780 648 1825 4
683 1783 781 1833 cet,
815 1780 889 1825 sed
922 1780 1159 1825 subsistam.
1194 1779 1383 1825 sufficere
1417 1779 1527 1824 enim
1553 1779 1712 1835 prolata
1739 1782 1839 1834 puto
1874 1779 1926 1824 ad
1953 1779 2031 1823 uiri
2060 1780 2232 1835 ineptias
2270 1780 2579 1836 intellegendas.

162 1849 246 1890 Has
272 1849 495 1902 respiciens
524 1851 635 1890 certe
662 1860 747 1890 non
773 1848 919 1890 iniuria
947 1848 1141 1890 iudicauit
1166 1846 1322 1890 Seneca
1350 1859 1457 1890 suas.
1476 1847 1563 1889 Vll.
1587 1847 1637 1889 12
1660 1848 1871 1889 hominem
1890 1846 2073 1890 Cestium
2092 1848 2219 1890 fuisse
2237 1848 2385 1890 nullius
2412 1849 2581 1903 ingenii,

163 1917 228 1958 cui
256 1917 326 1968 qui
355 1917 585 1969 comparari
614 1916 791 1963 uolebat,
821 1916 865 1957 id
892 1916 1003 1967 quod
1030 1919 1176 1969 argute
1203 1918 1246 1957 et
1273 1916 1404 1957 facete
1433 1915 1597 1957 Cassius
1627 1914 1805 1958 Seuerus
1834 1916 1932 1956 dicit
1959 1927 2048 1957 exc.
2077 1919 2208 1957 contr.
2245 1917 2311 1957 ill.
2338 1917 2469 1969 praef.
2517 1915 2580 1962 18,

162 1983 440 2039 noningeaio
468 1983 624 2027 maiore
652 1993 756 2037 opus
784 1984 885 2045 erat,
899 1982 972 2026 sed
998 1993 1122 2026 sensu
1149 1982 1322 2026 minore.

365 2050 429 2095 De
443 2049 767 2097 diuisione
781 2049 958 2105 denique
972 2050 1088 2093 breui
1102 2050 1204 2093 mihi
1218 2050 1315 2094 licet
1327 2061 1440 2094 asse:
1465 2051 1578 2094 caret
1593 2049 1636 2092 in
1656 2060 1704 2092 ea
1720 2048 1864 2092 eadem
1879 2061 1958 2104 qua
1974 2050 2017 2092 in
2040 2050 2252 2094 sententiis
2272 2051 2583 2094 controuersiae

161 2120 350 2173 antiquae
378 2118 580 2163 laudanda
604 2119 863 2172 simpiicitate
888 2118 952 2173 (cf.
980 2117 1075 2160 Seu.
1103 2121 1233 2160 contr.
1264 2119 1293 2160 l.
1327 2119 1363 2160 l.
1396 2117 1473 2173 13),
1504 2117 1685 2162 abundat
1711 2118 1858 2159 iisdem
1887 2118 2035 2171 quibus
2063 2119 2105 2160 in
2144 2118 2348 2160 coloribus
2385 2120 2582 2161 artificiis.

163 2186 399 2239 Composita
428 2188 491 2228 est
519 2188 562 2228 et
584 2185 776 2228 incedens
804 2197 879 2239 per
906 2186 1193 2238 quaestionum
1226 2188 1270 2228 et
1296 2188 1633 2240 argumentorum
1660 2185 1903 2227 insolentem
1931 2184 2019 2226 sere
2045 2185 2368 2235 multitudinem,
2404 2187 2582 2240 partium

159 2265 282 2307 quam
309 2253 491 2296 maximo
516 2264 692 2296 numero
718 2253 914 2307 placitura
939 2252 1146 2295 subtiliter
1171 2253 1218 2295 fit
1245 2264 1420 2307 operosa
1456 2255 1499 2295 et
1532 2253 1622 2306 ipso
1658 2263 1832 2294 numero
1863 2255 2076 2301 eneruata‚
2110 2252 2299 2295 Latronis
2337 2254 2466 2307 igitur
2500 2265 2583 2295 non

158 2321 246 2364 sine
280 2321 531 2364 auctoritatis
568 2320 815 2363 detrimento
853 2319 1057 2390 dissimilis
1084 2319 1136 2362 ci.
1163 2319 1321 2362 dissert.
1352 2320 1405 2363 de
1432 2319 1610 2362 Latrone
1642 2331 1683 2373 p.
1720 2318 1774 2361 34
1815 2322 1857 2361 et
1891 2318 1967 2368 35,
2002 2319 2308 2363 Westermann.
2344 2320 2441 2363 hist.
2477 2321 2582 2373 eloq,

157 2399 261 2429 rom.
289 2399 330 2440 p.
362 2386 459 2428 267.

366 2452 487 2506 Quae
511 2453 649 2496 omnia
682 2453 715 2497 si
750 2451 1157 2507 comprehendimus,
1202 2451 1409 2497 Cestius
1449 2452 1630 2496 rhetor
1667 2451 1832 2495 uidetur
1869 2452 1951 2505 qui
1990 2464 2232 2506 praeceps
2270 2452 2583 2497 decurrebat

160 2521 210 2563 ιιι
238 2531 295 2567 ea
332 2522 439 2570 uia,
467 2531 597 2574 quae
632 2524 736 2564 tum
770 2521 981 2575 uigebat
1013 2521 1063 2562 in
1101 2520 1417 2573 eloquentia,
1454 2522 1641 2574 quique
1671 2531 1728 2562 eo
1764 2520 2086 2573 potissimum
2122 2519 2303 2562 famam
2341 2532 2583 2573 asseque-

160 2588 386 2631 baturet
411 2588 794 2637 anctoritatem,
816 2587 957 2641 ,quod
982 2587 1147 2629 omnia
1171 2587 1284 2629 eius
1312 2588 1443 2629 uitia
1472 2587 1772 2641 adoptabat:
1799 2586 1848 2628 in
1875 2586 2113 2628 oratione
2147 2597 2271 2629 usus
2306 2590 2584 2641 argenteae

160 2654 338 2697 aetatis
395 2666 653 2704 sermone,
710 2654 994 2710 figurarum
1049 2656 1096 2697 et
1152 2655 1528 2698 sententiarum
1581 2657 1805 2709 captans,
1862 2665 1885 2696 a
1941 2653 2224 2697 uerborum
2278 2655 2479 2709 rythmo
2535 2658 2585 2697 et

160 2721 872 2765 artificiosa'com'unctione
918 2721 1223 2771 abhorrens,
1273 2722 1324 2764 in
1375 2722 1637 2764 coloribus
1680 2734 1777 2763 non
1817 2720 1960 2762 modo
1998 2721 2255 2775 simplicia
2296 2721 2582 2775 refugiens,

161 2789 309 2832 immo
341 2790 580 2833 consulto
625 2793 869 2844 appetens
894 2797 1026 2844 quae·
1068 2791 1246 2833 essent
1299 2801 1431 2833 noua
1481 2793 1535 2832 et
1579 2789 1813 2832 inaudita
1861 2788 2094 2842 quamuis
2141 2789 2477 2844 ineptissima,
2534 2790 2582 2832 in

162 2856 720 2912 diuisione-languidus
748 2860 799 2901 et
819 2857 1183 2912 'inprudenter
1210 2857 1450 2907 diffusus,
1479 2858 1701 2912 denique
1727 2868 1790 2899 ne
1824 2857 2014 2911 longus
2043 2856 2134 2899 sim
2164 2857 2343 2899 rhetor
2370 2857 2456 2911 qui
2485 2869 2582 2900 non

160 2936 264 2968 rem
291 2927 551 2977 spectaret
578 2925 665 2968 sed
692 2925 919 2974 sormam.
948 2938 1045 2968 non
1073 2929 1270 2969 curaret
1298 2926 1417 2979 quid
1446 2926 1645 2968 diceret
1674 2925 1760 2967 sed
1788 2924 2056 2978 quomodo.
2113 2924 2381 2978 intellegebat
2415 2925 2581 2978 quidem

162 3003 271 3044 quae
290 2991 534 3034 insolentius
560 2993 958 3048 etintemperantius
986 2992 1236 3036 emutdicta
1264 2995 1308 3033 et
1337 2992 1560 3047 castigabat
1592 2992 1809 3042 interdum,
1837 2992 2101 3052 intellegebat
2118 2992 2242 3034 etiam
2261 2992 2581 3034 declamatorum

161 3059 592 3103 rationem=n0n·:esse
618 3059 670 3102 ab
688 3061 812 3104 -omui
832 3062 959 3115 >parte
982 3060 1249 3114 probabilem,
1276 3059 1351 3102 sed
1373 3071 1486 3114 >quae
1509 3072 1639 3114 pauca
1667 3059 1791 3103 babet
1817 3058 1939 3102 laude
1966 3059 2100 3112 aliqua
2127 3058 2251 3114 digna
2268 3060 2481 3113 permultis
2500 3059 2581 3102 illis

163 3125 412 3176 obruuntur,
431 3130 549 3180 quae
576 3127 645 3171 uel
661 3127 937 3171 acerbissimo
950 3126 1378 3182 >{uituperionondum
1406 3128 1503 3171 satis
1523 3127 1676 3172 acerbe
1702 3126 2031 3181 reprehenderis.
2085 3124 2319 3170 Exhibebat
2342 3127 2411 3169 ille
2438 3138 2580 3170 mores

163 3192 311 3237 saemili
341 3196 579 3249 corruptos,
630 3198 775 3239 uetere
805 3195 1064 3250 simplicitate
1092 3196 1319 3244 destitutos,
1362 3195 1522 3239 lucrum
1551 3198 1796 3250 quaerentes
1833 3207 1917 3238 non
1945 3196 2129 3250 integrae
2157 3198 2200 3237 et
2235 3195 2434 3237 honestae
2468 3195 2581 3237 uitae
