2776 3559
169 1154 463 1252 perlustranti
491 1210 590 1251 mihi
618 1211 721 1253 latos
748 1211 973 1253 litterarum
1000 1185 1274 1253 Romanarum
1302 1211 1425 1259 fines,
1454 1214 1499 1254 ut
1527 1211 1755 1253 inuenirem
1785 1211 1995 1253 materiam
2030 1211 2073 1252 in
2110 1221 2189 1262 qua
2223 1210 2402 1263 integras
2436 1208 2569 1251 adhuc

168 1309 277 1350 uires
306 1322 554 1359 exercerem,
578 1312 620 1352 in
656 1311 970 1353 declamatorum
1006 1312 1126 1353 incidi
1161 1311 1293 1353 studia
1328 1323 1432 1363 quae
1467 1311 1676 1364 deperdita
1711 1312 1942 1364 eloquentia
1977 1311 2128 1353 forensi
2162 1311 2381 1353 laetissime
2414 1309 2569 1352 Romae

169 1410 379 1454 florebant.
435 1412 494 1454 Ea
523 1412 633 1454 enim
661 1412 867 1465 quomodo
902 1411 1051 1454 fuerint
1082 1423 1176 1454 cum
1210 1413 1253 1454 in
1285 1412 1523 1455 uniuersum
1558 1412 1610 1454 ab
1644 1413 1833 1455 omnibus
1868 1413 1954 1456 rere
1991 1414 2061 1467 qui
2095 1413 2322 1455 litterarum
2355 1410 2571 1454 historiam

167 1513 490 1567 perscripserunt
517 1512 746 1565 expositum
774 1511 969 1560 uiderem,
998 1511 1068 1552 ubi
1095 1511 1275 1566 singulos
1302 1511 1415 1553 adire
1442 1511 1554 1553 uolui
1583 1512 1694 1553 uiros
1721 1512 1797 1553 hac
1822 1514 1911 1554 arte
1937 1512 2163 1566 insignitos,
2191 1510 2292 1554 nibil
2318 1510 2405 1553 fere
2431 1511 2571 1552 inueni

167 1615 244 1656 nisi
273 1614 378 1655 hanc
404 1612 471 1654 uel
491 1612 601 1654 illam
626 1611 964 1653 narratiunculam
983 1612 1026 1653 in
1043 1614 1161 1654 notas
1178 1615 1386 1665 tamquam
1403 1611 1644 1665 ablegatam.
1685 1612 1969 1666 Bernhardyus
1987 1614 2031 1654 in
2048 1614 2275 1655 litterarum
2293 1611 2572 1653 Romanarum

168 1714 349 1762 historia,
377 1712 568 1767 Meyerus
597 1712 639 1753 in
667 1713 874 1753 oratorum
901 1711 1180 1753 Romanorum
1207 1711 1456 1764 fragmenti&
1484 1709 1825 1755 Westermannus
1851 1713 1892 1755 in
1921 1712 2090 1755 historia
2125 1712 2382 1766 eloquentiae
2420 1713 2573 1764 quanta

170 1819 210 1857 et
239 1826 359 1867 quam
389 1783 553 1868 egregia
582 1813 633 1855 de
652 1812 730 1855 hoc
747 1811 976 1855 studiorum
996 1823 1146 1866 genere
1165 1812 1400 1865 scripserint
1422 1812 1575 1854 nemini
1594 1812 1798 1866 ignotum:
1818 1814 1919 1855 certi
1938 1824 2040 1856 uero
2059 1812 2268 1854 cuiusdam
2287 1811 2572 1854 declamatoris

169 1916 386 1969 imaginem
416 1927 468 1956 ex
495 1915 544 1956 iis
572 1926 655 1955 non
683 1913 779 1954 satis
806 1912 1038 1966 perspicies.
1094 1911 1210 1958 Hanc
1236 1911 1360 1966 igitur
1384 1911 1610 1954 litterarum
1627 1915 1786 1966 partem
1804 1924 1880 1966 pro
1891 1914 2054 1976 ⁴uiribus
2076 1911 2328 1954 tractandam
2346 1912 2572 1965 suscipiens

169 1988 365 2056 Senecam
392 2014 648 2067 potissimum
677 2012 770 2060 adii,
798 2013 952 2053 sontem
980 2012 1245 2053 uberrimum.
1288 2013 1326 2053 ls
1353 2012 1462 2053 enim
1487 2012 1578 2065 plus
1597 2016 1761 2054 centum
1780 2014 1923 2066 uiginti
1942 2013 2157 2054 rhetorum
2175 2013 2394 2054 sententias
2413 2013 2573 2054 colores

146 2116 389 2177 ¹diuisiones
417 2116 460 2156 in
488 2115 599 2156 libris
630 2115 711 2155 suis
740 2114 1013 2155 suasoriarum
1032 2116 1074 2154 et
1092 2114 1461 2155 controuersiarum
1481 2115 1722 2165 composuit,
1751 2114 1875 2155 multa
1896 2114 1948 2155 de
1966 2126 2110 2156 eorum
2130 2113 2382 2156 declamandi
2401 2115 2573 2157 ratione.

168 2216 293 2257 multa
320 2215 372 2256 de
400 2215 494 2256 uitis
523 2214 687 2262 addidit,
716 2226 849 2266 neque
878 2214 1092 2266 quisquam
1119 2214 1226 2254 inter
1253 2212 1444 2265 aequales
1462 2213 1585 2254 fuerit
1601 2214 1668 2255 uel
1687 2213 1903 2256 mediocris
1925 2215 2177 2256 auctoritatis
2195 2180 2310 2256 cuius
2329 2214 2572 2255 memoriam

168 2327 251 2357 non
279 2316 516 2357 seruauerit.
574 2315 672 2357 Eius
701 2315 824 2368 igitur
850 2314 974 2355 libros
1001 2314 1193 2367 pei-uolui¹
1218 2325 1242 2355 e
1261 2315 1439 2355 maximo
1459 2313 1776 2356 declamatorum
1794 2326 1968 2356 numero
1988 2326 2059 2357 eos
2077 2315 2336 2368 potissimum
2355 2314 2570 2358 electums.

170 2427 271 2467 quos
300 2417 386 2470 ipse
415 2418 617 2471 principes
644 2414 831 2469 appellat.
887 2417 945 2456 Ac
972 2415 1149 2468 primum
1178 2413 1343 2467 quidem
1370 2413 1423 2454 de
1450 2413 1508 2454 M.
1537 2413 1684 2464 Porcio
1712 2414 1889 2456 Latrone
1911 2414 2252 2463 „declamatoriae
2270 2416 2434 2456 uittutis
2452 2414 2572 2455 unico

169 2518 385 2570 exemplo“
400 2516 507 2572 (Sen.
523 2519 652 2559 contr.
666 2514 777 2558 Vllll
791 2514 916 2569 praef.
931 2513 971 2569 3)
985 2514 1120 2557 libello
1134 2513 1374 2568 perscripto,
1398 2513 1685 2556 dissertatione
1703 2514 1856 2556 scilicet
1877 2514 2102 2569 inaugurali
2121 2515 2390 2558 Vratislauiae
2407 2526 2443 2555 a.
2466 2511 2573 2556 1855

169 2616 288 2665 edita,
317 2616 397 2659 iam
426 2617 561 2659 uirum
588 2616 718 2670 petiui
746 2615 815 2669 qui
843 2627 867 2658 a
900 2614 1038 2657 multis
1067 2612 1303 2667 aequalibus
1340 2613 1514 2668 egregiis
1550 2613 1658 2655 illius
1693 2614 1836 2657 aetatis
1885 2615 2135 2665 oratoribus,
2177 2628 2200 2659 a
2246 2613 2450 2667 discipulis
2495 2614 2571 2668 ipsi

169 2714 355 2759 Ciceroni
382 2716 711 2771 praeponebatur
738 2714 800 2769 (cf.
829 2714 922 2758 Sen.
951 2726 1039 2758 exc.
1065 2716 1194 2757 contr.
1223 2713 1276 2755 lll
1304 2713 1430 2767 praet.
1463 2712 1525 2769 15)
1553 2712 1724 2757 Lucium
1752 2713 1936 2757 Cestium
1970 2713 2100 2758 Pium.
